
  
  
  
  
  
  
  
 
  
  <record xsi:schemaLocation="http://www.loc.gov/MARC21/slim http://www.loc.gov/standards/marcxml/schema/MARC21slim.xsd">
      <leader>00000cam a22      i 4500</leader>
      <controlfield tag="FMT">BK</controlfield>
      <controlfield tag="LDR">00000cam a22      i 4500</controlfield>
      <controlfield tag="001">004312091</controlfield>
      <controlfield tag="005">20160622144208.0</controlfield>
      <controlfield tag="006">m        u</controlfield>
      <controlfield tag="007">co |g|||||||||</controlfield>
      <controlfield tag="008">160601s2015    gw abe   b    000 0 ger d</controlfield>
      <datafield tag="020" ind1=" " ind2=" ">
         <subfield code="a">9783806229707</subfield>
         <subfield code="q">paperback</subfield>
      </datafield>
      <datafield tag="020" ind1=" " ind2=" ">
         <subfield code="a">3806229708</subfield>
         <subfield code="q">paperback</subfield>
      </datafield>
      <datafield tag="035" ind1=" " ind2=" ">
         <subfield code="a">(OCoLC)944387695</subfield>
      </datafield>
      <datafield tag="040" ind1=" " ind2=" ">
         <subfield code="a">EQO</subfield>
         <subfield code="b">eng</subfield>
         <subfield code="e">rda</subfield>
         <subfield code="c">EQO</subfield>
         <subfield code="d">ZYU</subfield>
      </datafield>
      <datafield tag="041" ind1="0" ind2=" ">
         <subfield code="a">ger</subfield>
         <subfield code="b">eng</subfield>
      </datafield>
      <datafield tag="043" ind1=" " ind2=" ">
         <subfield code="a">e-gx---</subfield>
      </datafield>
      <datafield tag="050" ind1=" " ind2="4">
         <subfield code="a">DD52</subfield>
         <subfield code="b">.P43 2015</subfield>
      </datafield>
      <datafield tag="090" ind1=" " ind2=" ">
         <subfield code="a">DD901.T48</subfield>
         <subfield code="b">P43 2015</subfield>
      </datafield>
      <datafield tag="245" ind1="0" ind2="0">
         <subfield code="a">Pfahlbausiedlungen am Degersee :</subfield>
         <subfield code="b">Archäologische und naturwissenschaftliche Untersuchungen /</subfield>
         <subfield code="c">Martin Mainberger, Josef Merkt, Angelika Kleinmann ; mit Beiträgen von Jehanne Affolter, Johanna Banck-Buirgess, Tilman Baum, André Billamboz, James H. Dickson, Alexa Dufraisse, Michael J. Kaiser, Geneviève M.-J. Lécrivain, Ursula Maier, Sebastian Million, Helmut Müller, Christina Vieth, Richard Vogt, Helmut Schlichtherle, Elisabeth Stephan, Martin Wessels, Lucia Wick und Ingrid Wiesner.</subfield>
      </datafield>
      <datafield tag="264" ind1=" " ind2="1">
         <subfield code="a">Stuttgart :</subfield>
         <subfield code="b">Kommissionsverlag Theiss :</subfield>
         <subfield code="b">Konrad Theiss Verlag,</subfield>
         <subfield code="c">2015</subfield>
      </datafield>
      <datafield tag="300" ind1=" " ind2=" ">
         <subfield code="a">535 pages :</subfield>
         <subfield code="b">illustrations, maps, plans ;</subfield>
         <subfield code="c">30 cm +</subfield>
         <subfield code="e">1 CD-ROM</subfield>
      </datafield>
      <datafield tag="336" ind1=" " ind2=" ">
         <subfield code="a">text</subfield>
         <subfield code="2">rdacontent</subfield>
      </datafield>
      <datafield tag="337" ind1=" " ind2=" ">
         <subfield code="a">unmediated</subfield>
         <subfield code="2">rdamedia</subfield>
      </datafield>
      <datafield tag="337" ind1=" " ind2=" ">
         <subfield code="a">computer</subfield>
         <subfield code="2">rdamedia</subfield>
      </datafield>
      <datafield tag="338" ind1=" " ind2=" ">
         <subfield code="a">volume</subfield>
         <subfield code="2">rdacarrier</subfield>
      </datafield>
      <datafield tag="338" ind1=" " ind2=" ">
         <subfield code="a">computer disc</subfield>
         <subfield code="2">rdacarrier</subfield>
      </datafield>
      <datafield tag="347" ind1=" " ind2=" ">
         <subfield code="a">text file</subfield>
         <subfield code="2">rda</subfield>
      </datafield>
      <datafield tag="347" ind1=" " ind2=" ">
         <subfield code="a">data file</subfield>
         <subfield code="b">PDF</subfield>
         <subfield code="2">rda</subfield>
      </datafield>
      <datafield tag="490" ind1="1" ind2=" ">
         <subfield code="a">Materialhefte zur Archäologie in Baden-Württemberg ;</subfield>
         <subfield code="v">Heft 102</subfield>
      </datafield>
      <datafield tag="500" ind1=" " ind2=" ">
         <subfield code="a">Accompanying CD-ROM in pocket attached to inside back cover contains : Die Silexartefakte vom Degersee im Kontext des südwestdeutschen Jungneolithikums von Christina Vieth, Tab. 1: Zusammenstellung aller Nichtbaumpollen in den verschiedenen Pollenzonen der on-site Profile, Tab. 3: Alphabetische Fundliste aller nachgewiesenen Pflanzenreste aus De I und De II.</subfield>
      </datafield>
      <datafield tag="546" ind1=" " ind2=" ">
         <subfield code="a">German with English abstracts.</subfield>
      </datafield>
      <datafield tag="500" ind1=" " ind2=" ">
         <subfield code="a">Editor: Landesamt für Denkmalpflege im Regierungspräsidium Stuttgart -- title page verso.</subfield>
      </datafield>
      <datafield tag="504" ind1=" " ind2=" ">
         <subfield code="a">Includes bibliographical references.</subfield>
      </datafield>
      <datafield tag="505" ind1="0" ind2="0">
         <subfield code="t">On-Site-Untersuchungen.</subfield>
         <subfield code="t">Archäologische Untersuchungen in jung- und endneolithischen Seeufersiedlungen im Degersee, Bodenseekreis /</subfield>
         <subfield code="r">Martin Mainberger --</subfield>
         <subfield code="t">Die Silexartefakte vom Degersee im Kontext des südwestdeutschen Jungneolithikum /</subfield>
         <subfield code="r">Christina Vieth --</subfield>
         <subfield code="t">Spätmesolithische Artefakte aus den neolithischen Silexinventaren der Fundstelle Degersee I : eine Nachlese /</subfield>
         <subfield code="r">Michael J. Kaiser --</subfield>
         <subfield code="t">Die Textilfunde vom Degersee /</subfield>
         <subfield code="r">Johanna Banck-Burgess --</subfield>
         <subfield code="t">Die Konservierung der Textilien aus dem Degersee /</subfield>
         <subfield code="r">Ingrid Wiesner --</subfield>
         <subfield code="t">Bauen mit Esche : Dendroarchäologische Untersuchungen in den neolithischen Ufersiedlungen des Degersees /</subfield>
         <subfield code="r">Sebastian Million und André Billamboz --</subfield>
         <subfield code="t">Degersee I und II : Ergebnisse der archäobotanischen Untersuchung /</subfield>
         <subfield code="r">Ursula Maier --</subfield>
         <subfield code="t">Palynologische on-site-Untersuchungen an Kurzprofilen vom Siedlungsplatz Degersee I /</subfield>
         <subfield code="r">Lucia Wiek --</subfield>
         <subfield code="t">Die Knochenfunde aus den Seeufersiedlungen im Degersee /</subfield>
         <subfield code="r">Elisabeth Stephan --</subfield>
         <subfield code="t">Moose als Kalfatmaterial für einen frühbronzezeitlichen Einbaum vom Degersee, Südwestdeutschland /</subfield>
         <subfield code="r">James H. Dickson, Geneviève M.-J. Lécrivain, Ursula Maier und Martin Mainberger.</subfield>
         <subfield code="t">Off-site-Untersuchungen.</subfield>
         <subfield code="t">Sedimente des Degersees : Ein Umweltarchiv : Sedimentologie und Palynolog /</subfield>
         <subfield code="r">Angelika Kleinmann, Josef Merkt und Helmut Müller --</subfield>
         <subfield code="t">Pedologische Untersuchungen im Umfeld des jungneolithischen Fundplatzes De I am Degersee /</subfield>
         <subfield code="r">Richard Vogt --</subfield>
         <subfield code="t">Landschaftsarchäologische Untersuchungen im Umfeld des Degersees /</subfield>
         <subfield code="r">Tilman Baum --</subfield>
         <subfield code="t">Synthese /</subfield>
         <subfield code="r">M. Maingerger, J. Merkt, H. Schlichtherle, J. Affolter, T. Baum, A. Billambox, A. Dufraisse, M. Kaiser, A. Kleinmann, U. Maier, E. Stephan, S. Million, Ch. Vieth, R. Vogt, M. Wessels und L. Wick.</subfield>
      </datafield>
      <datafield tag="650" ind1=" " ind2="0">
         <subfield code="a">Lake-dwellers and lake-dwellings</subfield>
         <subfield code="z">Germany</subfield>
         <subfield code="z">Degersee.</subfield>
      </datafield>
      <datafield tag="650" ind1=" " ind2="0">
         <subfield code="a">Excavations (Archaeology)</subfield>
         <subfield code="z">Germany</subfield>
         <subfield code="z">Degersee.</subfield>
      </datafield>
      <datafield tag="650" ind1=" " ind2="0">
         <subfield code="a">Excavations (Archaeology)</subfield>
         <subfield code="z">Germany</subfield>
         <subfield code="z">Tettnang.</subfield>
      </datafield>
      <datafield tag="650" ind1=" " ind2="0">
         <subfield code="a">Underwater archaeology</subfield>
         <subfield code="z">Germany</subfield>
         <subfield code="z">Degersee.</subfield>
      </datafield>
      <datafield tag="651" ind1=" " ind2="0">
         <subfield code="a">Degersee (Germany)</subfield>
         <subfield code="x">Antiquities.</subfield>
      </datafield>
      <datafield tag="651" ind1=" " ind2="0">
         <subfield code="a">Tettnang (Germany)</subfield>
         <subfield code="x">Antiquities.</subfield>
      </datafield>
      <datafield tag="700" ind1="1" ind2=" ">
         <subfield code="a">Mainberger, Martin,</subfield>
         <subfield code="e">author.</subfield>
      </datafield>
      <datafield tag="700" ind1="1" ind2=" ">
         <subfield code="a">Merkt, Josef,</subfield>
         <subfield code="e">author.</subfield>
      </datafield>
      <datafield tag="700" ind1="1" ind2=" ">
         <subfield code="a">Kleinmann, Angelika,</subfield>
         <subfield code="e">author.</subfield>
      </datafield>
      <datafield tag="710" ind1="1" ind2=" ">
         <subfield code="a">Stuttgart (Germany : Regierungsbezirk).</subfield>
         <subfield code="b">Landesamt für Denkmalpflege,</subfield>
         <subfield code="e">editor.</subfield>
      </datafield>
      <datafield tag="830" ind1=" " ind2="0">
         <subfield code="a">Materialhefte zur Archäologie in Baden-Württemberg ;</subfield>
         <subfield code="v">Heft 102.</subfield>
      </datafield>
      <datafield tag="OWN" ind1=" " ind2=" ">
         <subfield code="a">GENERAL</subfield>
      </datafield>
      <datafield tag="AVA" ind1=" " ind2=" ">
         <subfield code="a">NYU50</subfield>
         <subfield code="b">NISAW</subfield>
         <subfield code="c">Large Collection</subfield>
         <subfield code="d">DD901.T48 P43 2015</subfield>
         <subfield code="e">available</subfield>
         <subfield code="t">Available</subfield>
         <subfield code="f">1</subfield>
         <subfield code="g">0</subfield>
         <subfield code="h">N</subfield>
         <subfield code="i">0</subfield>
         <subfield code="j">LARGE</subfield>
         <subfield code="k">0</subfield>
      </datafield>
      <marc:datafield tag="852" ind1=" " ind2=" ">
         <marc:subfield code="b">Institute for the Study of the Ancient World, </marc:subfield>
         <marc:subfield code="c">Large Collection</marc:subfield>
         <marc:subfield code="e">15 East 84th St., </marc:subfield>
         <marc:subfield code="e">New York, NY  10028</marc:subfield>
      </marc:datafield>
   </record>