
  
  
  
  
  
  
  
  
  
 
  
  <record xsi:schemaLocation="http://www.loc.gov/MARC21/slim http://www.loc.gov/standards/marcxml/schema/MARC21slim.xsd">
      <leader>     cas a2200445 a 4500</leader>
      <controlfield tag="FMT">SE</controlfield>
      <controlfield tag="LDR">     cas a2200445 a 4500</controlfield>
      <controlfield tag="001">001783916</controlfield>
      <controlfield tag="003">NNU</controlfield>
      <controlfield tag="005">20060720141424.0</controlfield>
      <controlfield tag="008">151109c19739999fr ax         0   b0fre</controlfield>
      <datafield tag="035" ind1="9" ind2=" ">
         <subfield code="a">NYUb10714198</subfield>
      </datafield>
      <datafield tag="035" ind1=" " ind2=" ">
         <subfield code="a">(CStRLIN)NYUG89-S4081</subfield>
      </datafield>
      <datafield tag="035" ind1=" " ind2=" ">
         <subfield code="a">GLIS007141982</subfield>
      </datafield>
      <datafield tag="040" ind1=" " ind2=" ">
         <subfield code="a">NNU</subfield>
         <subfield code="c">NNU</subfield>
      </datafield>
      <datafield tag="043" ind1=" " ind2=" ">
         <subfield code="a">f-ua-sj---</subfield>
         <subfield code="a">f-ua---</subfield>
         <subfield code="a">f-sj---</subfield>
      </datafield>
      <datafield tag="050" ind1="0" ind2=" ">
         <subfield code="a">DT57</subfield>
         <subfield code="b">.E88</subfield>
      </datafield>
      <datafield tag="082" ind1=" " ind2=" ">
         <subfield code="a">932/.005</subfield>
      </datafield>
      <datafield tag="090" ind1=" " ind2=" ">
         <subfield code="i">04/05/90 CT</subfield>
         <subfield code="h">06/30/89 CT</subfield>
      </datafield>
      <datafield tag="245" ind1="0" ind2="0">
         <subfield code="a">Cahier de recherches de l'Institut de papyrologie et d'égyptologie de Lille.</subfield>
      </datafield>
      <datafield tag="246" ind1="1" ind2="8">
         <subfield code="a">Cahier de recherches de l'Institut de papyrologie et d'égyptologie de Lille</subfield>
      </datafield>
      <datafield tag="246" ind1="1" ind2="2">
         <subfield code="a">Sociétés urbaines en Egypte et au Soudan</subfield>
         <subfield code="f">no. 7-</subfield>
      </datafield>
      <datafield tag="246" ind1="1" ind2="2">
         <subfield code="a">Etudes sur l'Egypte et le Soudan anciens</subfield>
         <subfield code="f">[no. 1]-no. 6</subfield>
      </datafield>
      <datafield tag="260" ind1=" " ind2=" ">
         <subfield code="a">Villeneuve-d'Ascq [France] :</subfield>
         <subfield code="b">Université de Lille III,</subfield>
         <subfield code="c">c1975-</subfield>
      </datafield>
      <datafield tag="300" ind1=" " ind2=" ">
         <subfield code="a">v. :</subfield>
         <subfield code="b">ill. ;</subfield>
         <subfield code="c">24 cm.</subfield>
      </datafield>
      <datafield tag="362" ind1="0" ind2=" ">
         <subfield code="a">[No. 1] (1973)-</subfield>
      </datafield>
      <datafield tag="490" ind1="0" ind2=" ">
         <subfield code="a">1976- : Série Études archéologiques</subfield>
      </datafield>
      <datafield tag="490" ind1="0" ind2=" ">
         <subfield code="a">1973-1975: Encyclopédie universitaire</subfield>
      </datafield>
      <datafield tag="550" ind1=" " ind2=" ">
         <subfield code="a">Vols. for 1973- issued by: the Institut de papyrologie et d'égyptologie de Lille.</subfield>
      </datafield>
      <datafield tag="651" ind1=" " ind2="0">
         <subfield code="a">Egypt</subfield>
         <subfield code="x">Antiquities</subfield>
         <subfield code="v">Periodicals.</subfield>
      </datafield>
      <datafield tag="651" ind1=" " ind2="0">
         <subfield code="a">Sudan</subfield>
         <subfield code="x">Antiquities</subfield>
         <subfield code="v">Periodicals.</subfield>
      </datafield>
      <datafield tag="650" ind1=" " ind2="0">
         <subfield code="a">Excavations (Archaeology)</subfield>
         <subfield code="z">Egypt</subfield>
         <subfield code="v">Periodicals.</subfield>
      </datafield>
      <datafield tag="650" ind1=" " ind2="0">
         <subfield code="a">Excavations (Archaeology)</subfield>
         <subfield code="z">Sudan</subfield>
         <subfield code="v">Periodicals.</subfield>
      </datafield>
      <datafield tag="650" ind1=" " ind2="0">
         <subfield code="a">Cities and towns, Ancient</subfield>
         <subfield code="z">Egypt</subfield>
         <subfield code="v">Periodicals.</subfield>
      </datafield>
      <datafield tag="650" ind1=" " ind2="0">
         <subfield code="a">Cities and towns, Ancient</subfield>
         <subfield code="z">Sudan</subfield>
         <subfield code="v">Periodicals.</subfield>
      </datafield>
      <datafield tag="710" ind1="2" ind2=" ">
         <subfield code="a">Institut de papyrologie et d'égyptologie de Lille.</subfield>
      </datafield>
      <datafield tag="760" ind1="1" ind2=" ">
         <subfield code="t">Série Études archéologiques</subfield>
      </datafield>
      <datafield tag="760" ind1="1" ind2=" ">
         <subfield code="t">Encyclopédie universitaire</subfield>
      </datafield>
      <datafield tag="866" ind1=" " ind2=" ">
         <subfield code="l">Bobst</subfield>
         <subfield code="d">DT57.5 .E87</subfield>
         <subfield code="e">0007</subfield>
         <subfield code="j">7, 18</subfield>
         <subfield code="k">1985, 1996</subfield>
         <subfield code="i">Library copy analyzed.</subfield>
      </datafield>
      <datafield tag="866" ind1=" " ind2=" ">
         <subfield code="l">IFA Egyptian</subfield>
         <subfield code="d">DT57.5.E87</subfield>
         <subfield code="e">0410</subfield>
         <subfield code="j">1-16</subfield>
         <subfield code="k">1973-1994</subfield>
         <subfield code="i">Catalogued Separately</subfield>
      </datafield>
      <datafield tag="OWN" ind1=" " ind2=" ">
         <subfield code="a">GENERAL</subfield>
      </datafield>
      <datafield tag="950" ind1=" " ind2=" ">
         <subfield code="l">IFAM</subfield>
         <subfield code="d">Egyptian</subfield>
         <subfield code="i">04/05/90 C</subfield>
         <subfield code="h">06/30/89 C</subfield>
      </datafield>
      <datafield tag="950" ind1=" " ind2=" ">
         <subfield code="l">BMAIN</subfield>
         <subfield code="h">06/30/89 C</subfield>
      </datafield>
      <datafield tag="998" ind1=" " ind2=" ">
         <subfield code="a">04/05/90</subfield>
         <subfield code="t">c</subfield>
         <subfield code="s">9110</subfield>
         <subfield code="n">NNU</subfield>
         <subfield code="w">RIBG85S481</subfield>
         <subfield code="d">06/30/89</subfield>
         <subfield code="c">MJD</subfield>
         <subfield code="b">MJD</subfield>
         <subfield code="i">900405</subfield>
         <subfield code="h">890630</subfield>
         <subfield code="l">NYUG</subfield>
      </datafield>
      <datafield tag="AVA" ind1=" " ind2=" ">
         <subfield code="a">NYU50</subfield>
         <subfield code="b">BOBST</subfield>
         <subfield code="c">Main Collection</subfield>
         <subfield code="d">DT57.5 .E87</subfield>
         <subfield code="e">available</subfield>
         <subfield code="t">Available</subfield>
         <subfield code="f">4</subfield>
         <subfield code="g">0</subfield>
         <subfield code="h">Y</subfield>
         <subfield code="i">0</subfield>
         <subfield code="j">MAIN</subfield>
         <subfield code="k">0</subfield>
      </datafield>
      <datafield tag="AVA" ind1=" " ind2=" ">
         <subfield code="a">NYU50</subfield>
         <subfield code="b">NIFA</subfield>
         <subfield code="c">Egyptian</subfield>
         <subfield code="d">DT57.5.E87 Non-circulating</subfield>
         <subfield code="e">unavailable</subfield>
         <subfield code="t">Unavailable</subfield>
         <subfield code="f">7</subfield>
         <subfield code="g">7</subfield>
         <subfield code="h">Y</subfield>
         <subfield code="i">0</subfield>
         <subfield code="j">EGYPT</subfield>
      </datafield>
      <datafield tag="AVA" ind1=" " ind2=" ">
         <subfield code="a">NYU50</subfield>
         <subfield code="b">NISAW</subfield>
         <subfield code="c">Oak Collection</subfield>
         <subfield code="d">DT57 .C125</subfield>
         <subfield code="e">available</subfield>
         <subfield code="t">Available</subfield>
         <subfield code="f">31</subfield>
         <subfield code="g">0</subfield>
         <subfield code="h">Y</subfield>
         <subfield code="i">0</subfield>
         <subfield code="j">OAK</subfield>
         <subfield code="k">2</subfield>
      </datafield>
      <marc:datafield tag="852" ind1=" " ind2=" ">
         <marc:subfield code="b">Institute for the Study of the Ancient World, </marc:subfield>
         <marc:subfield code="c">Oak Collection</marc:subfield>
         <marc:subfield code="e">15 East 84th St., </marc:subfield>
         <marc:subfield code="e">New York, NY  10028</marc:subfield>
      </marc:datafield>
   </record>