
  
  
  
  
  
 
  
  <record xsi:schemaLocation="http://www.loc.gov/MARC21/slim http://www.loc.gov/standards/marcxml/schema/MARC21slim.xsd">
      <leader>00000cem a2200505 a 4500</leader>
      <controlfield tag="FMT">MP</controlfield>
      <controlfield tag="LDR">00000cem a2200505 a 4500</controlfield>
      <controlfield tag="001">003375608</controlfield>
      <controlfield tag="003">OCoLC</controlfield>
      <controlfield tag="005">20160606134711.0</controlfield>
      <controlfield tag="008">100923m19821987cc        e     1   chi d</controlfield>
      <datafield tag="020" ind1=" " ind2=" ">
         <subfield code="a">7503118407 (v. 1)</subfield>
      </datafield>
      <datafield tag="020" ind1=" " ind2=" ">
         <subfield code="a">9787503118401 (v. 1)</subfield>
      </datafield>
      <datafield tag="035" ind1=" " ind2=" ">
         <subfield code="a">(OCoLC)49255255</subfield>
      </datafield>
      <datafield tag="040" ind1=" " ind2=" ">
         <subfield code="a">RBN</subfield>
         <subfield code="c">RBN</subfield>
         <subfield code="d">EMU</subfield>
         <subfield code="d">DRB</subfield>
         <subfield code="d">NNU</subfield>
      </datafield>
      <datafield tag="041" ind1="0" ind2=" ">
         <subfield code="a">chi</subfield>
         <subfield code="b">eng</subfield>
      </datafield>
      <datafield tag="043" ind1=" " ind2=" ">
         <subfield code="a">a-cc---</subfield>
      </datafield>
      <datafield tag="050" ind1=" " ind2="4">
         <subfield code="a">G2306.S1</subfield>
         <subfield code="b">Z55 1982</subfield>
      </datafield>
      <datafield tag="055" ind1=" " ind2="3">
         <subfield code="a">G2306.S1</subfield>
         <subfield code="b">C55 1982a</subfield>
      </datafield>
      <datafield tag="066" ind1=" " ind2=" ">
         <subfield code="c">$1</subfield>
      </datafield>
      <datafield tag="245" ind1="0" ind2="0">
         <subfield code="6">880-01</subfield>
         <subfield code="a">Zhongguo li shi di tu ji /</subfield>
         <subfield code="c">zhu ban dan wei Zhongguo she hui ke xue yuan ; zhu bian Tan Qixiang = The Historical atlas of China / sponsor Chinese Academy of Social Sciences ; chief editor Tan Qixiang.</subfield>
      </datafield>
      <datafield tag="246" ind1="1" ind2="1">
         <subfield code="a">Historical atlas of China</subfield>
      </datafield>
      <datafield tag="250" ind1=" " ind2=" ">
         <subfield code="6">880-02</subfield>
         <subfield code="a">Jing zhuang ben, di 1 ban.</subfield>
      </datafield>
      <datafield tag="255" ind1=" " ind2=" ">
         <subfield code="a">Scales vary.</subfield>
      </datafield>
      <datafield tag="260" ind1=" " ind2=" ">
         <subfield code="6">880-03</subfield>
         <subfield code="a">Beijing Shi :</subfield>
         <subfield code="b">Zhongguo di tu chu ban she =</subfield>
         <subfield code="b">China Cartographic Publishing House,</subfield>
         <subfield code="c">1982-1987.</subfield>
      </datafield>
      <datafield tag="300" ind1=" " ind2=" ">
         <subfield code="a">8 v. :</subfield>
         <subfield code="b">col. maps ;</subfield>
         <subfield code="c">27 cm.</subfield>
      </datafield>
      <datafield tag="546" ind1=" " ind2=" ">
         <subfield code="a">Prefatory matter, tables of contents and map legends in Chinese and English; map contents in Chinese only.</subfield>
      </datafield>
      <datafield tag="500" ind1=" " ind2=" ">
         <subfield code="a">Index of place names with each volume.</subfield>
      </datafield>
      <datafield tag="505" ind1="0" ind2=" ">
         <subfield code="6">880-04</subfield>
         <subfield code="a">Di 1 ce. Yuan shi she hui, Xia, Shang, Xi Zhou, Chun qiu, Zhan guo shi qi = Vol. 1. The primitive society, Xia, Shang, Western Zhou, the Spring and Autumn, Warring States period -- di 2 ce. Qin, Xi Han, Dong Han shi qi = v. 2. Qin dynasty period, Western Han and Eastern Han dynasties period -- di 3 ce. San guo, Xi Jin shi qi = v. 3. The Three Kingdoms period, the Western Jin dynasty period -- di 4 ce. Dong Jin Shi liu guo, Nan Bei chao shi qi = v. 4. The Eastern Jin dynasty and Sixteen kingdoms period, the Southern and Northern dynasties period -- di 5 ce. Sui, Tang, Wu dai shi guo shi qi = v. 5. The Sui dynasty period, the Tang dynasty period, the Five dynasties and Ten kingdoms period -- di 6 ce. Song, Liao, Jin shi qi = v. 6. The Liao dynasty and Northern Song dynasty period, the Jin dynasty and Southern Song dynasty period -- di 7 ce. Yuan, Ming shi qi = v. 7. The Yuan dynasty period, the Ming dynasty period -- di 8 ce. Qing shi qi = v. 8. The Qing dynasty period.</subfield>
      </datafield>
      <datafield tag="651" ind1=" " ind2="0">
         <subfield code="a">China</subfield>
         <subfield code="x">Historical geography</subfield>
         <subfield code="v">Maps.</subfield>
      </datafield>
      <datafield tag="651" ind1=" " ind2="0">
         <subfield code="a">China</subfield>
         <subfield code="x">History</subfield>
         <subfield code="v">Maps.</subfield>
      </datafield>
      <datafield tag="700" ind1="1" ind2=" ">
         <subfield code="6">880-05</subfield>
         <subfield code="a">Tan, Qixiang.</subfield>
      </datafield>
      <datafield tag="710" ind1="2" ind2=" ">
         <subfield code="6">880-06</subfield>
         <subfield code="a">Zhongguo di tu chu ban she.</subfield>
      </datafield>
      <datafield tag="710" ind1="2" ind2=" ">
         <subfield code="6">880-07</subfield>
         <subfield code="a">Zhongguo she hui ke xue yuan.</subfield>
      </datafield>
      <datafield tag="880" ind1="0" ind2="0">
         <subfield code="6">245-01/</subfield>
         <subfield code="a">中國歷史地圖集／</subfield>
         <subfield code="c">主办单位中国社会科学院；主编谭其骧 = The Historical atlas of China / sponsor Chinese Academy of Social Sciences ; chief editor Tan Qixiang.</subfield>
      </datafield>
      <datafield tag="880" ind1=" " ind2=" ">
         <subfield code="6">250-02/</subfield>
         <subfield code="a">精装本, 第1版．</subfield>
      </datafield>
      <datafield tag="880" ind1=" " ind2=" ">
         <subfield code="6">260-03/</subfield>
         <subfield code="a">北京市：</subfield>
         <subfield code="b">中国地图出版社 =</subfield>
         <subfield code="b">China Cartographic Publishing House,</subfield>
         <subfield code="c">1982-1987.</subfield>
      </datafield>
      <datafield tag="880" ind1="0" ind2=" ">
         <subfield code="6">505-04/</subfield>
         <subfield code="a">第1册．原始社会・夏・商・西周・春秋・战国时期 = Vol. 1. The primitive society, Xia, Shang, Western Zhou, the Spring and Autumn, Warring States period -- 第2册．秦・西汉・东汉时期 = v. 2. Qin dynasty period, Western Han and Eastern Han dynasties period -- 第3册．三国・西晋时期 = v. 3. The Three Kingdoms period, the Western Jin dynasty period -- 第4册．东晋十六国・南北朝时期 = v. 4. The Eastern Jin dynasty and Sixteen kingdoms period, the Southern and Northern dynasties period -- 第5册．隋・唐・五代十国时期 = v. 5. The Sui dynasty period, the Tang dynasty period, the Five dynasties and Ten kingdoms period -- 第6册．宋・辽・金时期 = The Liao dynasty and Northern Song dynasty period, the Jin dynasty and Southern Song dynasty period -- 第7册．元・明时期 = v. 7. The Yuan dynasty period, the Ming dynasty period -- 第8册．清时期 = The Qing dynasty period.</subfield>
      </datafield>
      <datafield tag="880" ind1="1" ind2=" ">
         <subfield code="6">700-05/</subfield>
         <subfield code="a">谭其骧．</subfield>
      </datafield>
      <datafield tag="880" ind1="2" ind2=" ">
         <subfield code="6">710-06/</subfield>
         <subfield code="a">中国地图出版社．</subfield>
      </datafield>
      <datafield tag="880" ind1="2" ind2=" ">
         <subfield code="6">710-07/</subfield>
         <subfield code="a">中国社会科学院．</subfield>
      </datafield>
      <datafield tag="994" ind1=" " ind2=" ">
         <subfield code="a">Z0</subfield>
         <subfield code="b">ZYU</subfield>
      </datafield>
      <datafield tag="OWN" ind1=" " ind2=" ">
         <subfield code="a">GENERAL</subfield>
      </datafield>
      <datafield tag="AVA" ind1=" " ind2=" ">
         <subfield code="a">NYU52</subfield>
         <subfield code="b">NSHNG</subfield>
         <subfield code="c">Main Collection</subfield>
         <subfield code="d">G2306.S1 Z55 1982</subfield>
         <subfield code="e">available</subfield>
         <subfield code="t">Available</subfield>
         <subfield code="f">8</subfield>
         <subfield code="g">0</subfield>
         <subfield code="h">Y</subfield>
         <subfield code="i">0</subfield>
         <subfield code="j">MAIN</subfield>
         <subfield code="k">0</subfield>
      </datafield>
      <datafield tag="AVA" ind1=" " ind2=" ">
         <subfield code="a">NYU50</subfield>
         <subfield code="b">BOBST</subfield>
         <subfield code="c">East Asian Reference</subfield>
         <subfield code="d">G2306.S1 Z55 1982 Non-circulating</subfield>
         <subfield code="e">available</subfield>
         <subfield code="t">Available</subfield>
         <subfield code="f">8</subfield>
         <subfield code="g">0</subfield>
         <subfield code="h">Y</subfield>
         <subfield code="i">0</subfield>
         <subfield code="j">BEARF</subfield>
         <subfield code="k">0</subfield>
      </datafield>
      <datafield tag="AVA" ind1=" " ind2=" ">
         <subfield code="a">NYU50</subfield>
         <subfield code="b">NISAW</subfield>
         <subfield code="c">Reference 5 Collection</subfield>
         <subfield code="d">G2306.S1 Z55 1982</subfield>
         <subfield code="e">available</subfield>
         <subfield code="t">Available</subfield>
         <subfield code="f">8</subfield>
         <subfield code="g">0</subfield>
         <subfield code="h">Y</subfield>
         <subfield code="i">0</subfield>
         <subfield code="j">REF5</subfield>
         <subfield code="k">0</subfield>
      </datafield>
      <marc:datafield tag="852" ind1=" " ind2=" ">
         <marc:subfield code="b">Institute for the Study of the Ancient World, </marc:subfield>
         <marc:subfield code="c">Reference 5 Collection</marc:subfield>
         <marc:subfield code="e">15 East 84th St., </marc:subfield>
         <marc:subfield code="e">New York, NY  10028</marc:subfield>
      </marc:datafield>
   </record>