
  
  
  
  
  
  
  
  
  
  
 
  
  <record xsi:schemaLocation="http://www.loc.gov/MARC21/slim http://www.loc.gov/standards/marcxml/schema/MARC21slim.xsd">
      <leader>00000nam a2200373 i 4500</leader>
      <controlfield tag="FMT">BK</controlfield>
      <controlfield tag="LDR">00000nam a2200373 i 4500</controlfield>
      <controlfield tag="001">004314071</controlfield>
      <controlfield tag="003">OCoLC</controlfield>
      <controlfield tag="005">20160608115237.0</controlfield>
      <controlfield tag="008">160607t20152015gw ab    bc   000 0 ger d</controlfield>
      <datafield tag="020" ind1=" " ind2=" ">
         <subfield code="a">9783406107641</subfield>
      </datafield>
      <datafield tag="020" ind1=" " ind2=" ">
         <subfield code="a">3406107648</subfield>
      </datafield>
      <datafield tag="035" ind1=" " ind2=" ">
         <subfield code="a">(OCoLC)951256774</subfield>
      </datafield>
      <datafield tag="040" ind1=" " ind2=" ">
         <subfield code="a">ZYU</subfield>
         <subfield code="b">eng</subfield>
         <subfield code="e">rda</subfield>
         <subfield code="c">ZYU</subfield>
      </datafield>
      <datafield tag="043" ind1=" " ind2=" ">
         <subfield code="a">e-gx---</subfield>
      </datafield>
      <datafield tag="050" ind1=" " ind2="4">
         <subfield code="a">DD901.A888</subfield>
         <subfield code="b">B85 2015</subfield>
      </datafield>
      <datafield tag="100" ind1="1" ind2=" ">
         <subfield code="a">Ulbert, Günter,</subfield>
         <subfield code="d">1930-</subfield>
      </datafield>
      <datafield tag="245" ind1="1" ind2="4">
         <subfield code="a">Der Auerberg.</subfield>
         <subfield code="n">IV,</subfield>
         <subfield code="p">Die Kleinfunde mit Ausnahme der Gefässkeramik sowie die Grabungen von 2001 und 2008 /</subfield>
         <subfield code="c">Günter Ulbert ; mit Beiträgen von Stefan Biermeier [and 13 others].</subfield>
      </datafield>
      <datafield tag="246" ind1="3" ind2="0">
         <subfield code="a">Kleinfunde mit Ausnahme der Gefässkeramik sowie die Grabungen von 2001 und 2008</subfield>
      </datafield>
      <datafield tag="264" ind1=" " ind2="1">
         <subfield code="a">München :</subfield>
         <subfield code="b">Verlag C.H. Beck,</subfield>
         <subfield code="c">[2015]</subfield>
      </datafield>
      <datafield tag="264" ind1=" " ind2="4">
         <subfield code="c">©2015</subfield>
      </datafield>
      <datafield tag="300" ind1=" " ind2=" ">
         <subfield code="a">526 pages :</subfield>
         <subfield code="b">illustrations (some color), maps ;</subfield>
         <subfield code="c">31 cm +</subfield>
         <subfield code="e">4 plans.</subfield>
      </datafield>
      <datafield tag="336" ind1=" " ind2=" ">
         <subfield code="a">text</subfield>
         <subfield code="b">txt</subfield>
         <subfield code="2">rdacontent</subfield>
      </datafield>
      <datafield tag="337" ind1=" " ind2=" ">
         <subfield code="a">unmediated</subfield>
         <subfield code="b">n</subfield>
         <subfield code="2">rdamedia</subfield>
      </datafield>
      <datafield tag="338" ind1=" " ind2=" ">
         <subfield code="a">volume</subfield>
         <subfield code="b">nc</subfield>
         <subfield code="2">rdacarrier</subfield>
      </datafield>
      <datafield tag="490" ind1="1" ind2=" ">
         <subfield code="a">Münchner Beiträge zur Vor- und Frühgeschichte,</subfield>
         <subfield code="x">0580-1435 ;</subfield>
         <subfield code="v">Bd. 63</subfield>
      </datafield>
      <datafield tag="490" ind1="1" ind2=" ">
         <subfield code="a">Veröffentlichung der Kommission zur Vergleichenden Archäologie Römischer Alpen- und Donauländer</subfield>
      </datafield>
      <datafield tag="504" ind1=" " ind2=" ">
         <subfield code="a">Includes bibliographical references (pages 135-139).</subfield>
      </datafield>
      <datafield tag="500" ind1=" " ind2=" ">
         <subfield code="a">Folded plans in pocket.</subfield>
      </datafield>
      <datafield tag="505" ind1="0" ind2="0">
         <subfield code="t">Die Kleinfunde der Grabungen 1901-1979 /</subfield>
         <subfield code="r">von Günter Ulbert.</subfield>
         <subfield code="g">Beiträge.</subfield>
         <subfield code="t">Die Fundmünzen vom Auerberg /</subfield>
         <subfield code="r">von Bernward Ziegaus --</subfield>
         <subfield code="t">Die Gläser vom Auerberg /</subfield>
         <subfield code="r">von Andrea Rottloff --</subfield>
         <subfield code="t">Revision des Bleiplättchens vom Auerberg /</subfield>
         <subfield code="r">von Karlheinz Dietz --</subfield>
         <subfield code="t">Latènezeitliche Funde vom Auerberg /</subfield>
         <subfield code="r">von Rupert Gebhard --</subfield>
         <subfield code="t">Bemerkungen zur Provenienz der Italischen Terra Sigillata /</subfield>
         <subfield code="r">von Maike Sieler mit einem Beitrag von Gerwulf Schneider --</subfield>
         <subfield code="t">Fleischkonserven fü̈r Raetien : Archäometrische Untersuchungen an schwarzen Auerbergtöpfen mit Marmormagerung /</subfield>
         <subfield code="r">von Christof Flügel --</subfield>
         <subfield code="t">Die Grabung des Jahres 2001 am Osthang des Auerbergs /</subfield>
         <subfield code="r">von Stefan Biermeier --</subfield>
         <subfield code="t">Die Keramikfunde der Grabung des Jahres 2001 am Osthang des Auerbergs /</subfield>
         <subfield code="r">von Verena Hasenbach --</subfield>
         <subfield code="t">Caught in the Act : Rodungen auf dem Auerberg zu Beginn des Römischen Raetien : die Holzfunde der Grabung des Jahres 2001 /</subfield>
         <subfield code="r">von Franz Herzig --</subfield>
         <subfield code="t">Die Ausgrabung auf dem Auerberg 2008 /</subfield>
         <subfield code="r">von Stefan Mühlemeier --</subfield>
         <subfield code="t">Bodenkundliche Untersuchungen am Auerberg /</subfield>
         <subfield code="r">von Hermann Jerz --</subfield>
         <subfield code="t">Vier Jahrzehnte geophysikalische Prospektion : die Entwicklung des bayerischen Magnetometer-Systems und Testmessungen auf dem Auerberg /</subfield>
         <subfield code="r">von Jörg W. Fassbinder und Roland Linck --</subfield>
         <subfield code="t">Hat der Auerberg sein Geheimnis gelüftet? Überlegungen zur Funktion des Auerbergs in (der Provinz) Raetien /</subfield>
         <subfield code="r">von C. Sebastian Sommer.</subfield>
      </datafield>
      <datafield tag="650" ind1=" " ind2="0">
         <subfield code="a">Excavations (Archaeology)</subfield>
         <subfield code="z">Germany</subfield>
         <subfield code="z">Auerberg.</subfield>
      </datafield>
      <datafield tag="651" ind1=" " ind2="0">
         <subfield code="a">Auerberg (Germany)</subfield>
         <subfield code="x">Antiquities.</subfield>
      </datafield>
      <datafield tag="650" ind1=" " ind2="0">
         <subfield code="a">Pottery, Roman</subfield>
         <subfield code="z">Germany</subfield>
         <subfield code="z">Auerberg.</subfield>
      </datafield>
      <datafield tag="830" ind1=" " ind2="0">
         <subfield code="a">Münchner Beiträge zur Vor- und Frühgeschichte ;</subfield>
         <subfield code="v">63.</subfield>
      </datafield>
      <datafield tag="830" ind1=" " ind2="0">
         <subfield code="a">Veröffentlichung der Kommission zur Vergleichenden Archäologie Römischer Alpen- und Donauländer der Bayerischen Akademie der Wissenschaften.</subfield>
      </datafield>
      <datafield tag="994" ind1=" " ind2=" ">
         <subfield code="a">Z0</subfield>
         <subfield code="b">ZYU</subfield>
      </datafield>
      <datafield tag="OWN" ind1=" " ind2=" ">
         <subfield code="a">GENERAL</subfield>
      </datafield>
      <datafield tag="AVA" ind1=" " ind2=" ">
         <subfield code="a">NYU50</subfield>
         <subfield code="b">NISAW</subfield>
         <subfield code="c">Large Collection</subfield>
         <subfield code="d">DD901.A888 B85 2015</subfield>
         <subfield code="e">available</subfield>
         <subfield code="t">Available</subfield>
         <subfield code="f">1</subfield>
         <subfield code="g">0</subfield>
         <subfield code="h">N</subfield>
         <subfield code="i">0</subfield>
         <subfield code="j">LARGE</subfield>
         <subfield code="k">0</subfield>
      </datafield>
      <marc:datafield tag="852" ind1=" " ind2=" ">
         <marc:subfield code="b">Institute for the Study of the Ancient World, </marc:subfield>
         <marc:subfield code="c">Large Collection</marc:subfield>
         <marc:subfield code="e">15 East 84th St., </marc:subfield>
         <marc:subfield code="e">New York, NY  10028</marc:subfield>
      </marc:datafield>
   </record>