
  
  
  
  
  
  
  
  
 
  
  <record xsi:schemaLocation="http://www.loc.gov/MARC21/slim http://www.loc.gov/standards/marcxml/schema/MARC21slim.xsd">
      <leader>00000cam a2200517Ii 4500</leader>
      <controlfield tag="FMT">BK</controlfield>
      <controlfield tag="LDR">00000cam a2200517Ii 4500</controlfield>
      <controlfield tag="001">002725394</controlfield>
      <controlfield tag="003">OCoLC</controlfield>
      <controlfield tag="005">20160607120444.0</controlfield>
      <controlfield tag="008">800227s1977    gr aef   b    001 0 gre d</controlfield>
      <datafield tag="035" ind1=" " ind2=" ">
         <subfield code="a">(OCoLC)6025294</subfield>
         <subfield code="z">(OCoLC)55184806</subfield>
      </datafield>
      <datafield tag="040" ind1=" " ind2=" ">
         <subfield code="a">GZM</subfield>
         <subfield code="b">eng</subfield>
         <subfield code="c">GZM</subfield>
         <subfield code="d">NJR</subfield>
         <subfield code="d">GBVCP</subfield>
         <subfield code="d">OCLCQ</subfield>
         <subfield code="d">OCLCF</subfield>
         <subfield code="d">OCLCQ</subfield>
         <subfield code="d">OCLCO</subfield>
         <subfield code="d">NNU</subfield>
      </datafield>
      <datafield tag="041" ind1="0" ind2=" ">
         <subfield code="a">gre</subfield>
         <subfield code="a">fre</subfield>
         <subfield code="a">ger</subfield>
         <subfield code="a">ita</subfield>
      </datafield>
      <datafield tag="043" ind1=" " ind2=" ">
         <subfield code="a">e-gr---</subfield>
         <subfield code="a">mm-----</subfield>
      </datafield>
      <datafield tag="050" ind1=" " ind2="4">
         <subfield code="a">DF521</subfield>
         <subfield code="b">.P45</subfield>
      </datafield>
      <datafield tag="090" ind1=" " ind2=" ">
         <subfield code="a">DF521</subfield>
         <subfield code="b">.P45 1977</subfield>
         <subfield code="i">09/17/85 CT</subfield>
      </datafield>
      <datafield tag="100" ind1="1" ind2=" ">
         <subfield code="a">Pelekanidēs, Stylianos M.</subfield>
      </datafield>
      <datafield tag="245" ind1="1" ind2="0">
         <subfield code="a">Meletes palaiochristianikēs kai Byzantinēs archaiologias /</subfield>
         <subfield code="c">Stylianou Pelekanidē.</subfield>
      </datafield>
      <datafield tag="246" ind1="1" ind2="5">
         <subfield code="a">Studien zur frühchristlichen und byzantinischen Archäologie</subfield>
      </datafield>
      <datafield tag="260" ind1=" " ind2=" ">
         <subfield code="a">Thessalonikē :</subfield>
         <subfield code="b">Hidryma Meletōn Chersonesou tou Haimou,</subfield>
         <subfield code="c">1977.</subfield>
      </datafield>
      <datafield tag="300" ind1=" " ind2=" ">
         <subfield code="a">xii, 498 pages, [83] leaves of plates :</subfield>
         <subfield code="b">illustrations, plans ;</subfield>
         <subfield code="c">29 cm.</subfield>
      </datafield>
      <datafield tag="336" ind1=" " ind2=" ">
         <subfield code="a">text</subfield>
         <subfield code="b">txt</subfield>
         <subfield code="2">rdacontent</subfield>
      </datafield>
      <datafield tag="337" ind1=" " ind2=" ">
         <subfield code="a">unmediated</subfield>
         <subfield code="b">n</subfield>
         <subfield code="2">rdamedia</subfield>
      </datafield>
      <datafield tag="338" ind1=" " ind2=" ">
         <subfield code="a">volume</subfield>
         <subfield code="b">nc</subfield>
         <subfield code="2">rdacarrier</subfield>
      </datafield>
      <datafield tag="490" ind1="1" ind2=" ">
         <subfield code="a">[Ekdoseis] - Hidryma Meletōn Chersonēsou tou Haimou ;</subfield>
         <subfield code="v">174</subfield>
      </datafield>
      <datafield tag="500" ind1=" " ind2=" ">
         <subfield code="a">ISAW copy is from the Library of Nina Garsoïan.</subfield>
         <subfield code="5">NNU</subfield>
      </datafield>
      <datafield tag="504" ind1=" " ind2=" ">
         <subfield code="a">Bibliographical footnotes and index.</subfield>
      </datafield>
      <datafield tag="505" ind1="0" ind2="0">
         <subfield code="t">Zōgraphikē.</subfield>
         <subfield code="t">Die Symbolik der frühbyzantinischen Fussbodenmosaiken griechenlands --</subfield>
         <subfield code="t">Ē Phorētē eikōn tēs odēgētrias tēs monēs xelandariou --</subfield>
         <subfield code="t">Ho zōgraphos Michaēl Astrapas --</subfield>
         <subfield code="t">Grundlagen der Malerei im XI. und XII. Jahrhundert in Mazedonien --</subfield>
         <subfield code="t">I mosaici di Santa Sofia di Salonicco --</subfield>
         <subfield code="t">I più antichi affreschi di Kastorià --</subfield>
         <subfield code="t">Palaiochristianikos taphos en Philippois --</subfield>
         <subfield code="t">Die Malerei der konstantinischen Zeit --</subfield>
         <subfield code="t">Bemerkungen zu den Altarmosaiken der Hagia Sophia zu Thessaloniki und die Frage der Datierung der Platytera --</subfield>
         <subfield code="t">To ergo tōn zōgraphōn Michaēl Astrapa kai eutychiou.</subfield>
         <subfield code="t">Glyptikē.</subfield>
         <subfield code="t">Agalma gynaikas tēs ysterinēs archaiotētas apo tē Thessalonikē --</subfield>
         <subfield code="t">Christianika kionokrana me anemizomena Phylla --</subfield>
         <subfield code="t">Un bas-relief byzantin de Digénis Akritas --</subfield>
         <subfield code="t">Agalmation kalou poimenos ek Thessalonikēs.</subfield>
         <subfield code="t">Mikrotechnia - Hyphantikē.</subfield>
         <subfield code="t">Argura pinakia tou mouseiou Mpenakē --</subfield>
         <subfield code="t">Date et interprétation de la plaque en ivoire de Trèves --</subfield>
         <subfield code="t">Byzantinon bēmothuron eth agiou orous --</subfield>
         <subfield code="t">Ta chrysa byzantina kosmēmata tēs Thessalonikēs --</subfield>
         <subfield code="t">To lasion tou Hērakleous.</subfield>
         <subfield code="t">Symmeikta.</subfield>
         <subfield code="t">Neai ereunai eis tēn Hagian Sophian Thessalonikēs kai ē apokatastasis tēs archaias autēs morphēs --</subfield>
         <subfield code="t">Paratērēseis tines eis Symeōn Thessalonikēs --</subfield>
         <subfield code="t">Anaskaphē boreiōs tēs basilikēs tou agiou Dēmētriou Thessalonikēs --</subfield>
         <subfield code="t">Graptē paradosē kai eikastikes technes gia tēn prosōpikotēta tou agiou Dēmētriou --</subfield>
         <subfield code="t">"To theatron to kaloumenon stadion" tēs Thessalonikēs --</subfield>
         <subfield code="t">Ē exō tōn teichōn palaiochristianikē basilikē tōn Philippōn --</subfield>
         <subfield code="t">Excavations in Philippi --</subfield>
         <subfield code="t">Christianikē epigraphē ek kaisareias tēs anō Makedonias --</subfield>
         <subfield code="t">Ereunai en anō Makedonia --</subfield>
         <subfield code="t">Die Kunstformen der nachbyzantinischen Zeit im nordgriechischen Raum.</subfield>
      </datafield>
      <datafield tag="546" ind1=" " ind2=" ">
         <subfield code="a">English, French, German, Greek, or Italian.</subfield>
      </datafield>
      <datafield tag="501" ind1=" " ind2=" ">
         <subfield code="a">Added title page in German.</subfield>
      </datafield>
      <datafield tag="650" ind1=" " ind2="0">
         <subfield code="a">Byzantine antiquities.</subfield>
      </datafield>
      <datafield tag="650" ind1=" " ind2="0">
         <subfield code="a">Art, Byzantine.</subfield>
      </datafield>
      <datafield tag="650" ind1=" " ind2="0">
         <subfield code="a">Architecture, Byzantine.</subfield>
      </datafield>
      <datafield tag="650" ind1=" " ind2="0">
         <subfield code="a">Christian art and symbolism</subfield>
         <subfield code="z">Byzantine Empire.</subfield>
      </datafield>
      <datafield tag="650" ind1=" " ind2="7">
         <subfield code="a">Architecture, Byzantine.</subfield>
         <subfield code="2">fast</subfield>
         <subfield code="0">(OCoLC)fst00813638</subfield>
      </datafield>
      <datafield tag="650" ind1=" " ind2="7">
         <subfield code="a">Art, Byzantine.</subfield>
         <subfield code="2">fast</subfield>
         <subfield code="0">(OCoLC)fst00816072</subfield>
      </datafield>
      <datafield tag="650" ind1=" " ind2="7">
         <subfield code="a">Byzantine antiquities.</subfield>
         <subfield code="2">fast</subfield>
         <subfield code="0">(OCoLC)fst00843224</subfield>
      </datafield>
      <datafield tag="653" ind1=" " ind2="0">
         <subfield code="a">Architecture, Byzantine.</subfield>
      </datafield>
      <datafield tag="653" ind1=" " ind2="0">
         <subfield code="a">Art, Byzantine.</subfield>
      </datafield>
      <datafield tag="653" ind1=" " ind2="0">
         <subfield code="a">Art, Early Christian.</subfield>
      </datafield>
      <datafield tag="653" ind1=" " ind2="0">
         <subfield code="a">Byzantine Empire</subfield>
         <subfield code="a">Antiquities.</subfield>
      </datafield>
      <datafield tag="653" ind1=" " ind2="0">
         <subfield code="a">Christian art and symbolism</subfield>
         <subfield code="a">Byzantine Empire.</subfield>
      </datafield>
      <datafield tag="796" ind1="1" ind2=" ">
         <subfield code="a">Garsoïan, Nina G.,</subfield>
         <subfield code="d">1923-</subfield>
         <subfield code="e">former owner.</subfield>
      </datafield>
      <datafield tag="797" ind1="2" ind2=" ">
         <subfield code="a">Garsoïan Collection.</subfield>
      </datafield>
      <datafield tag="830" ind1=" " ind2="0">
         <subfield code="a">Hidryma Meletōn Chersonēsou tou Haimou (Series) ;</subfield>
         <subfield code="v">174.</subfield>
      </datafield>
      <datafield tag="OWN" ind1=" " ind2=" ">
         <subfield code="a">GENERAL</subfield>
      </datafield>
      <datafield tag="950" ind1=" " ind2=" ">
         <subfield code="l">IFAM</subfield>
         <subfield code="a">N6250</subfield>
         <subfield code="b">.P45 1977</subfield>
         <subfield code="i">09/17/85 C</subfield>
      </datafield>
      <datafield tag="955" ind1=" " ind2=" ">
         <subfield code="l">IFAM</subfield>
         <subfield code="c">1</subfield>
         <subfield code="i">09/17/85 C</subfield>
      </datafield>
      <datafield tag="AVA" ind1=" " ind2=" ">
         <subfield code="a">NYU50</subfield>
         <subfield code="b">NIFA</subfield>
         <subfield code="c">Main Collection</subfield>
         <subfield code="d">N6250 .P45 1977 Non-circulating</subfield>
         <subfield code="e">unavailable</subfield>
         <subfield code="t">Unavailable</subfield>
         <subfield code="f">1</subfield>
         <subfield code="g">1</subfield>
         <subfield code="h">N</subfield>
         <subfield code="i">0</subfield>
         <subfield code="j">MAIN</subfield>
         <subfield code="k">0</subfield>
      </datafield>
      <datafield tag="AVA" ind1=" " ind2=" ">
         <subfield code="a">NYU50</subfield>
         <subfield code="b">NISAW</subfield>
         <subfield code="c">Large Collection</subfield>
         <subfield code="d">DF521 .P45 1977</subfield>
         <subfield code="e">available</subfield>
         <subfield code="t">Available</subfield>
         <subfield code="f">1</subfield>
         <subfield code="g">0</subfield>
         <subfield code="h">N</subfield>
         <subfield code="i">0</subfield>
         <subfield code="j">LARGE</subfield>
         <subfield code="k">0</subfield>
      </datafield>
      <marc:datafield tag="852" ind1=" " ind2=" ">
         <marc:subfield code="b">Institute for the Study of the Ancient World, </marc:subfield>
         <marc:subfield code="c">Large Collection</marc:subfield>
         <marc:subfield code="e">15 East 84th St., </marc:subfield>
         <marc:subfield code="e">New York, NY  10028</marc:subfield>
      </marc:datafield>
   </record>