
  
  
  
  
  
  
  
  
  
 
  
  <record xsi:schemaLocation="http://www.loc.gov/MARC21/slim http://www.loc.gov/standards/marcxml/schema/MARC21slim.xsd">
      <leader>00000cam a22      a 4500</leader>
      <controlfield tag="FMT">BK</controlfield>
      <controlfield tag="LDR">00000cam a22      a 4500</controlfield>
      <controlfield tag="001">004314068</controlfield>
      <controlfield tag="005">20160621163057.0</controlfield>
      <controlfield tag="008">160607s2015    pl abe   b    010 0dmul d</controlfield>
      <datafield tag="020" ind1=" " ind2=" ">
         <subfield code="a">9788361376460</subfield>
      </datafield>
      <datafield tag="020" ind1=" " ind2=" ">
         <subfield code="a">8361376461</subfield>
      </datafield>
      <datafield tag="035" ind1=" " ind2=" ">
         <subfield code="a">(OCoLC)951136487</subfield>
      </datafield>
      <datafield tag="040" ind1=" " ind2=" ">
         <subfield code="a">HLS</subfield>
         <subfield code="b">eng</subfield>
         <subfield code="c">HLS</subfield>
         <subfield code="d">ZYU</subfield>
      </datafield>
      <datafield tag="041" ind1="0" ind2=" ">
         <subfield code="a">eng</subfield>
         <subfield code="a">ger</subfield>
         <subfield code="a">fre</subfield>
         <subfield code="b">bul</subfield>
         <subfield code="b">rus</subfield>
         <subfield code="b">pol</subfield>
         <subfield code="b">hun</subfield>
      </datafield>
      <datafield tag="043" ind1=" " ind2=" ">
         <subfield code="a">ff-----</subfield>
         <subfield code="a">e------</subfield>
         <subfield code="a">aw-----</subfield>
         <subfield code="a">e-un---</subfield>
      </datafield>
      <datafield tag="050" ind1=" " ind2="4">
         <subfield code="a">DG89</subfield>
         <subfield code="b">.A29 2015</subfield>
      </datafield>
      <datafield tag="245" ind1="0" ind2="0">
         <subfield code="a">Ad fines Imperii Romani :</subfield>
         <subfield code="b">studia Thaddaeo Sarnowski septuagenario ab amicis, collegis discipulisque dedicata /</subfield>
         <subfield code="c">[editor: Agnieszka Tomas ; assistant editors: Miłosława Stępień, Tomasz Dziurdzik].</subfield>
      </datafield>
      <datafield tag="260" ind1=" " ind2=" ">
         <subfield code="a">Varsoviae :</subfield>
         <subfield code="b">Institute of Archaeology, University of Warsaw,</subfield>
         <subfield code="c">2015.</subfield>
      </datafield>
      <datafield tag="300" ind1=" " ind2=" ">
         <subfield code="a">475 p. :</subfield>
         <subfield code="b">ill., maps,plans ;</subfield>
         <subfield code="c">30 cm.</subfield>
      </datafield>
      <datafield tag="546" ind1=" " ind2=" ">
         <subfield code="a">Articles in English, German or French. Summaries in Bulgarian, Russian, Polish or Hungarian.</subfield>
      </datafield>
      <datafield tag="500" ind1=" " ind2=" ">
         <subfield code="a">Studies in honor of the 70th birthday of Tadeusz Sarnowski.</subfield>
      </datafield>
      <datafield tag="504" ind1=" " ind2=" ">
         <subfield code="a">Includes bibliographical references.</subfield>
      </datafield>
      <datafield tag="505" ind1="0" ind2="0">
         <subfield code="t">Tadeusz Sarnowski : Curriculum vitae --</subfield>
         <subfield code="t">Tadeusz Sarnowski : Quattuordecim lustra optime peracta /</subfield>
         <subfield code="r">Jerzy Kolendo --</subfield>
         <subfield code="t">Tadeusz Sarnowski in universitatem studiorum et studentium /</subfield>
         <subfield code="r">Agnieszka Tomas.</subfield>
         <subfield code="t">Roman army.</subfield>
         <subfield code="t">La logistique de l’armée romaine sous le Principat /</subfield>
         <subfield code="r">Yann Le Bohec --</subfield>
         <subfield code="t">The Layout of a Military Shrine in Egypt’s Eastern Desert /</subfield>
         <subfield code="r">Michel Reddé --</subfield>
         <subfield code="t">Three Lists of Soldiers on Papyrus Found in Qasr Ibrim /</subfield>
         <subfield code="r">Tomasz Derda, Adam Łajtar, Tomasz Płóciennik --</subfield>
         <subfield code="t">The Roman Army in Action in Judea (4 BC-66 CE) /</subfield>
         <subfield code="r">Edward Dąbrowa.</subfield>
         <subfield code="t">Middle and Lower Danubian Provinces.</subfield>
         <subfield code="t">Ripa Pannonica : eine römische Flussgrenze /</subfield>
         <subfield code="r">Zsolt Visy --</subfield>
         <subfield code="t">Les listes de centurions de Potaissa et la participation des légions daciques à la guerre parthique de Caracalla /</subfield>
         <subfield code="r">Ioan Piso --</subfield>
         <subfield code="t">Militärische und politische Massnahmen während der Herrschaft des Kaisers Hadrian im Südwesten der Provinz Dakien /</subfield>
         <subfield code="r">Doina Benea --</subfield>
         <subfield code="t">A Fragmentary Inscription Bearing the Name Gordiana Discovered in Tibiscum (Dacia superior) /</subfield>
         <subfield code="r">Calin Timoc --</subfield>
         <subfield code="t">Les cités grecques du Pont Gauche sous Auguste /</subfield>
         <subfield code="r">Livio Zerbini --</subfield>
         <subfield code="t">The Fortifications of the Upper Moesian Limes on the Eve of the Trajan’s Dacian Wars /</subfield>
         <subfield code="r">Emil Jęczmienowski --</subfield>
         <subfield code="t">The Production of terra sigillata Pottery (Local Samian Ware) in the Middle-Danube Roman Provinces /</subfield>
         <subfield code="r">Mateusz Żmudziński --</subfield>
         <subfield code="t">Prosopographic Remarks on the Population of Troesmis (Lower Moesia) /</subfield>
         <subfield code="r">Lucretiu Mihailescu-Bîrliba --</subfield>
         <subfield code="t">Bricks with Stamps Discovered in the Defensive Walls of Almus (Lower Moesia) /</subfield>
         <subfield code="r">Rumen Ivanov, Valeri Stoičkov --</subfield>
         <subfield code="t">The Scythian Section of Notitia Dignitatum : A Structural and Chronological Analysis /</subfield>
         <subfield code="r">Michail Zahariade --</subfield>
         <subfield code="t">Marsigli’s Moesia : The Limes Sites in Bulgaria as Seen in the 18th Century Contents /</subfield>
         <subfield code="r">Martin Lemke.</subfield>
      </datafield>
      <datafield tag="505" ind1="8" ind2="0">
         <subfield code="t">Novae.</subfield>
         <subfield code="t">The Portrait Glass phalera from Novae Reconsidered /</subfield>
         <subfield code="r">Evgeni Paunov --</subfield>
         <subfield code="t">Architectural Order of the Portico in the Courtyard of the Legionary Headquarters at Novae (Lower Moesia), in Light of Recent Discoveries /</subfield>
         <subfield code="r">Piotr Zakrzewski --</subfield>
         <subfield code="t">New Data on the Cult of Iuppiter in Novae (Lower Moesia) /</subfield>
         <subfield code="r">Pavlina Vladkova --</subfield>
         <subfield code="t">Sacerdos legionis? Roman Army Priests in Light of a Fragmentary Inscription from Novae (ILNov 32 = IGLNov 51) /</subfield>
         <subfield code="r">Tomasz Dziurdzik --</subfield>
         <subfield code="t">The Mithraeum at Novae Revisited /</subfield>
         <subfield code="r">Agnieszka Tomas, Martin Lemke --</subfield>
         <subfield code="t">New Examples of the Name Stamp (Sarnowski Type XXV) from the Legionary Fortress at Novae (Lower Moesia) /</subfield>
         <subfield code="r">Jerzy Żelazowski --</subfield>
         <subfield code="t">Liber Pater or Dionysus? The Evidence of the Bacchic Cult at Novae (castra et canabae legionis) and in its Hinterland /</subfield>
         <subfield code="r">Agnieszka Tomas --</subfield>
         <subfield code="t">Another Greek Inscription from Novae (Lower Moesia) Associated with pastus militum /</subfield>
         <subfield code="r">Adam Łajtar --</subfield>
         <subfield code="t">Iron Components of Agricultural Tools Discovered During Excavations at Novae : Are They Always Ancient or Early Medieval in Date? /</subfield>
         <subfield code="r">Jerzy Kolendo, Tomasz Kowal.</subfield>
      </datafield>
      <datafield tag="505" ind1="8" ind2="0">
         <subfield code="g">Taurica.</subfield>
         <subfield code="t">Spurs from the Sanctuary at the Gurzufskoe Sedlo in Crimea : On the Problem of Hook Spurs /</subfield>
         <subfield code="r">Bartosz Kontny, Maria Novičenkova --</subfield>
         <subfield code="t">The Role of Early Empire Roman Cavalry in the Defence of Tauric Chersonesos /</subfield>
         <subfield code="r">Radosław Gawroński, Radosław Karasiewicz-Szczypiorski --</subfield>
         <subfield code="t">The Farmhouse at Plot 363 in the Chora of Tauric Chersonesos /</subfield>
         <subfield code="r">Ludmiła Kovalevskaja --</subfield>
         <subfield code="t">Non-destructive Archaeological Survey in the Rural Territory of Tauric Chersonesos /</subfield>
         <subfield code="r">Michał Pisz --</subfield>
         <subfield code="t">Ceramic Production of Tauric Chersonesos in the Roman Period /</subfield>
         <subfield code="r">Elena Klenina --</subfield>
         <subfield code="t">On Some Categories of Ceramic Tableware from the Kadikovka-Kadikoi Settlement (Crimea) /</subfield>
         <subfield code="r">Viktoria Nessel --</subfield>
         <subfield code="t">Brooches from Balaklava-Kadykovka on Crimea (Ukraine) : Season 2010 /</subfield>
         <subfield code="r">Wojciech Nowakowski --</subfield>
         <subfield code="t">A Brooch from Tauric Chersonesos with a Dedication to Sabazius /</subfield>
         <subfield code="r">Danił A. Kostromičev --</subfield>
         <subfield code="t">Language in the Private Life of Roman Soldiers in Taurica /</subfield>
         <subfield code="r">Radosław Karasiewicz-Szczypiorski, Adam Łukaszewicz.</subfield>
         <subfield code="g">Varia.</subfield>
         <subfield code="t">The Origin of the Marble of the Architectural Elements and Details from the Early-Christian Church at Cape Sveti Atanas near Bjala (Bulgaria) /</subfield>
         <subfield code="r">Andrzej Biernacki, Valeri Yotov, Aleksander Minčev --</subfield>
         <subfield code="t">Remarks on Pseudo-opus reticulatum in Warsaw /</subfield>
         <subfield code="r">Elżbieta Jastrzębowska --</subfield>
         <subfield code="t">Les Cadrans solaires dans les mosaïqes romaines et byzantines (Ier siècle ap. J.-C.-IXe siècle ap. J.-C) /</subfield>
         <subfield code="r">Marek Olszewski --</subfield>
         <subfield code="t">The Last Days of Hatra: The Story Behind the City’s Downfall /</subfield>
         <subfield code="r">Krzysztof Jakubiak.</subfield>
      </datafield>
      <datafield tag="600" ind1="1" ind2="0">
         <subfield code="a">Sarnowski, Tadeusz.</subfield>
      </datafield>
      <datafield tag="651" ind1=" " ind2="0">
         <subfield code="a">Rome</subfield>
         <subfield code="x">Military antiquities.</subfield>
      </datafield>
      <datafield tag="651" ind1=" " ind2="0">
         <subfield code="a">Rome</subfield>
         <subfield code="x">Army.</subfield>
      </datafield>
      <datafield tag="650" ind1=" " ind2="0">
         <subfield code="a">Excavations (Archaeology)</subfield>
         <subfield code="z">Moesia.</subfield>
      </datafield>
      <datafield tag="650" ind1=" " ind2="0">
         <subfield code="a">Excavations (Archaeology)</subfield>
         <subfield code="z">Ukraine</subfield>
         <subfield code="z">Crimea.</subfield>
      </datafield>
      <datafield tag="651" ind1=" " ind2="0">
         <subfield code="a">Moesia</subfield>
         <subfield code="x">Antiquities.</subfield>
      </datafield>
      <datafield tag="651" ind1=" " ind2="0">
         <subfield code="a">Crimea (Ukraine)</subfield>
         <subfield code="x">Antiquities.</subfield>
      </datafield>
      <datafield tag="700" ind1="1" ind2=" ">
         <subfield code="a">Tomas, Agnieszka‏ ‎</subfield>
         <subfield code="d">1973-</subfield>
      </datafield>
      <datafield tag="700" ind1="1" ind2=" ">
         <subfield code="a">Sarnowski, Tadeusz.</subfield>
      </datafield>
      <datafield tag="OWN" ind1=" " ind2=" ">
         <subfield code="a">GENERAL</subfield>
      </datafield>
      <datafield tag="AVA" ind1=" " ind2=" ">
         <subfield code="a">NYU50</subfield>
         <subfield code="b">NISAW</subfield>
         <subfield code="c">Large Collection</subfield>
         <subfield code="d">DG89 .A29 2015</subfield>
         <subfield code="e">available</subfield>
         <subfield code="t">Available</subfield>
         <subfield code="f">1</subfield>
         <subfield code="g">0</subfield>
         <subfield code="h">N</subfield>
         <subfield code="i">0</subfield>
         <subfield code="j">LARGE</subfield>
         <subfield code="k">0</subfield>
      </datafield>
      <marc:datafield tag="852" ind1=" " ind2=" ">
         <marc:subfield code="b">Institute for the Study of the Ancient World, </marc:subfield>
         <marc:subfield code="c">Large Collection</marc:subfield>
         <marc:subfield code="e">15 East 84th St., </marc:subfield>
         <marc:subfield code="e">New York, NY  10028</marc:subfield>
      </marc:datafield>
   </record>