
  
  
  
  
  
  
  
 
  
  <record xsi:schemaLocation="http://www.loc.gov/MARC21/slim http://www.loc.gov/standards/marcxml/schema/MARC21slim.xsd">
      <leader>00000cam a2200421 i 4500</leader>
      <controlfield tag="FMT">BK</controlfield>
      <controlfield tag="LDR">00000cam a2200421 i 4500</controlfield>
      <controlfield tag="001">004314101</controlfield>
      <controlfield tag="003">OCoLC</controlfield>
      <controlfield tag="005">20160607163112.0</controlfield>
      <controlfield tag="008">160607s2015    pl abe   b    100 0 eng d</controlfield>
      <datafield tag="020" ind1=" " ind2=" ">
         <subfield code="a">9788323339243</subfield>
         <subfield code="q">paperback</subfield>
      </datafield>
      <datafield tag="020" ind1=" " ind2=" ">
         <subfield code="a">8323339244</subfield>
         <subfield code="q">paperback</subfield>
      </datafield>
      <datafield tag="035" ind1=" " ind2=" ">
         <subfield code="a">(OCoLC)950053754</subfield>
      </datafield>
      <datafield tag="040" ind1=" " ind2=" ">
         <subfield code="a">YDXCP</subfield>
         <subfield code="b">eng</subfield>
         <subfield code="e">rda</subfield>
         <subfield code="c">YDXCP</subfield>
         <subfield code="d">OCLCO</subfield>
         <subfield code="d">BDX</subfield>
         <subfield code="d">NNU</subfield>
      </datafield>
      <datafield tag="043" ind1=" " ind2=" ">
         <subfield code="a">a-ir---</subfield>
         <subfield code="a">ac-----</subfield>
      </datafield>
      <datafield tag="050" ind1=" " ind2="4">
         <subfield code="a">DS266</subfield>
         <subfield code="b">.E87 2011</subfield>
      </datafield>
      <datafield tag="082" ind1="0" ind2="4">
         <subfield code="a">935</subfield>
         <subfield code="2">23</subfield>
      </datafield>
      <datafield tag="111" ind1="2" ind2=" ">
         <subfield code="a">European Conference of Iranian Studies</subfield>
         <subfield code="n">(7th :</subfield>
         <subfield code="d">2011 :</subfield>
         <subfield code="c">Krakow, Poland)</subfield>
      </datafield>
      <datafield tag="245" ind1="1" ind2="0">
         <subfield code="a">Studies on the Iranian world.</subfield>
         <subfield code="n">I,</subfield>
         <subfield code="p">Before Islam /</subfield>
         <subfield code="c">editors Anna Krasnowolska, Renata Rusek-Kowalska.</subfield>
      </datafield>
      <datafield tag="246" ind1="3" ind2=" ">
         <subfield code="a">Before Islam</subfield>
      </datafield>
      <datafield tag="250" ind1=" " ind2=" ">
         <subfield code="a">First edition.</subfield>
      </datafield>
      <datafield tag="264" ind1=" " ind2="1">
         <subfield code="a">Kraków :</subfield>
         <subfield code="b">Jagiellonian University Press,</subfield>
         <subfield code="c">2015.</subfield>
      </datafield>
      <datafield tag="300" ind1=" " ind2=" ">
         <subfield code="a">300 pages :</subfield>
         <subfield code="b">black-and-white illustrations, black-and-white maps, black-and-white plans ;</subfield>
         <subfield code="c">24 cm</subfield>
      </datafield>
      <datafield tag="336" ind1=" " ind2=" ">
         <subfield code="a">text</subfield>
         <subfield code="b">txt</subfield>
         <subfield code="2">rdacontent</subfield>
      </datafield>
      <datafield tag="337" ind1=" " ind2=" ">
         <subfield code="a">unmediated</subfield>
         <subfield code="b">n</subfield>
         <subfield code="2">rdamedia</subfield>
      </datafield>
      <datafield tag="338" ind1=" " ind2=" ">
         <subfield code="a">volume</subfield>
         <subfield code="b">nc</subfield>
         <subfield code="2">rdacarrier</subfield>
      </datafield>
      <datafield tag="504" ind1=" " ind2=" ">
         <subfield code="a">Includes bibliographical references.</subfield>
      </datafield>
      <datafield tag="520" ind1="8" ind2=" ">
         <subfield code="a">Today, the Iranian world, which encompasses the whole Persian-speaking and culturally 'Persianate' region, including Afghanistan, Kurdistan, Tajikistan, parts of Central Asia and the Indian subcontinent, is a geopolitically sensitive region. But it is also a distinct cultural area with a rich and complex history, a mosaic of ethnic and religious groups, ancient languages and dialects, and sophisticated literatures. The essays in this volume address a broad range of questions from a variety of fields, including languages, literature, religions, history, anthropology, demography, sociology, medicine, art, and film. The first volume engages with the Iranian world before the rise of Islam.</subfield>
      </datafield>
      <datafield tag="500" ind1=" " ind2=" ">
         <subfield code="a">Proceedings of the European Conference of Iranian Studies, held in 2011 in Krakow.</subfield>
      </datafield>
      <datafield tag="505" ind1="0" ind2="0">
         <subfield code="t">Foreword /</subfield>
         <subfield code="r">Anna Krasnowolska, Renata Rusek-Kowalska.</subfield>
         <subfield code="t">Linguistics.</subfield>
         <subfield code="t">The Old Persian Genitive : A Study of a Syncretic Case /</subfield>
         <subfield code="r">Maria Carmela Benvenuto, Flavia Pompeo --</subfield>
         <subfield code="t">Nominal Compound Strategies in Middle Iranian Languages /</subfield>
         <subfield code="r">Saloumeh Gholami --</subfield>
         <subfield code="t">Alan Place-names in Western Europe /</subfield>
         <subfield code="r">Paolo Ognibene --</subfield>
         <subfield code="t">Work in Progress : The Catalogue of the Buddhist Sogdian Fragments of the Berlin Turfan Collection /</subfield>
         <subfield code="r">Christiane Reck --</subfield>
         <subfield code="t">Preliminary Remarks on Middle Persian 'nc' in the Pahlavi Documents /</subfield>
         <subfield code="r">Arash Zeini.</subfield>
         <subfield code="t">Literature.</subfield>
         <subfield code="t">Autoritäten im Mādayān-ī Hazār Dādestān /</subfield>
         <subfield code="r">Elham Afzalian --</subfield>
         <subfield code="t">Two Snake-Brothers on Their Way : Mani’s Scriptures as a Source of Manichaean Central Asian Parables? /</subfield>
         <subfield code="r">Iris Colditz --</subfield>
         <subfield code="t">Fictional Structure of the Middle Persian Ayādgār ī Zarērān /</subfield>
         <subfield code="r">Seyyedeh Fatemeh Musavi.</subfield>
         <subfield code="t">Religion.</subfield>
         <subfield code="t">Aspects of Hymnology in the Manichaean Community in Turfan /</subfield>
         <subfield code="r">Desmond Durkin-Meisterernst --</subfield>
         <subfield code="t">Arǝdvī Sūrā Anāhitā: Considerations on the Greek ἀρχἡ /</subfield>
         <subfield code="r">Raffaella Frascarelli --</subfield>
         <subfield code="t">Ohrmazd’s Plan for Creation according to Book Three of the Denkard /</subfield>
         <subfield code="r">Judith Josephson --</subfield>
         <subfield code="t">The Pahlavi Translation of Yašt 3 /</subfield>
         <subfield code="r">Götz König --</subfield>
         <subfield code="t">On the Old Iranian Social Space and Its Relation to the Time Ordering System /</subfield>
         <subfield code="r">Kianoosh Rezania.</subfield>
         <subfield code="t">History.</subfield>
         <subfield code="t">Wahrām Čōbīn the Rebel General and the Militarization of the Sasanian Empire /</subfield>
         <subfield code="r">Touraj Daryaee --</subfield>
         <subfield code="t">A Tale of Two Great Kings : Artabanus and Vologaeses /</subfield>
         <subfield code="r">Leonardo Gregoratti --</subfield>
         <subfield code="t">Realia for Sasanian History : Mint Networks /</subfield>
         <subfield code="r">Rika Gyselen --</subfield>
         <subfield code="t">New Data on the Development of the Indo-Iranians in the Bronze Age /</subfield>
         <subfield code="r">Elena E. Kuzmina.</subfield>
      </datafield>
      <datafield tag="505" ind1="8" ind2="0">
         <subfield code="t">Archaeology.</subfield>
         <subfield code="t">In Search of the Elusive Town of Persepolis /</subfield>
         <subfield code="r">Alireza Askari Chaverdi, Pierfrancesco Callieri --</subfield>
         <subfield code="t">The Citadel of Erbil : The Italian Archaeological and Topographic Activities /</subfield>
         <subfield code="r">Julian Bogdani, Luca Colliva, Sven Stefano Tilia --</subfield>
         <subfield code="t">Pāikūlī in Its Geographical Context /</subfield>
         <subfield code="r">Carlo G. Cereti, Gianfilippo Terribili, Alessandro Tilia --</subfield>
         <subfield code="t">New Sealings from Old Nisa /</subfield>
         <subfield code="r">Niccolò Manassero --</subfield>
         <subfield code="t">The Hong-e Azhdar Parthian Rock Relief Reconsidered /</subfield>
         <subfield code="r">Vito Messina, Jafar Mehr Kian.</subfield>
      </datafield>
      <datafield tag="651" ind1=" " ind2="0">
         <subfield code="a">Iran</subfield>
         <subfield code="x">Civilization.</subfield>
      </datafield>
      <datafield tag="651" ind1=" " ind2="0">
         <subfield code="a">Iran</subfield>
         <subfield code="x">History</subfield>
         <subfield code="y">To 640.</subfield>
      </datafield>
      <datafield tag="651" ind1=" " ind2="0">
         <subfield code="a">Iran</subfield>
         <subfield code="x">Social life and customs.</subfield>
      </datafield>
      <datafield tag="650" ind1=" " ind2="7">
         <subfield code="a">Manners and customs.</subfield>
         <subfield code="2">fast</subfield>
         <subfield code="0">(OCoLC)fst01007815</subfield>
      </datafield>
      <datafield tag="651" ind1=" " ind2="7">
         <subfield code="a">Iran.</subfield>
         <subfield code="2">fast</subfield>
         <subfield code="0">(OCoLC)fst01204889</subfield>
      </datafield>
      <datafield tag="655" ind1=" " ind2="7">
         <subfield code="a">History.</subfield>
         <subfield code="2">fast</subfield>
         <subfield code="0">(OCoLC)fst01411628</subfield>
      </datafield>
      <datafield tag="700" ind1="1" ind2=" ">
         <subfield code="a">Krasnowolska, Anna,</subfield>
         <subfield code="e">editor.</subfield>
      </datafield>
      <datafield tag="700" ind1="1" ind2=" ">
         <subfield code="a">Rusek-Kowalska, Renata,</subfield>
         <subfield code="e">editor.</subfield>
      </datafield>
      <datafield tag="994" ind1=" " ind2=" ">
         <subfield code="a">Z0</subfield>
         <subfield code="b">ZYU</subfield>
      </datafield>
      <datafield tag="OWN" ind1=" " ind2=" ">
         <subfield code="a">GENERAL</subfield>
      </datafield>
      <datafield tag="AVA" ind1=" " ind2=" ">
         <subfield code="a">NYU50</subfield>
         <subfield code="b">NISAW</subfield>
         <subfield code="c">Small Collection</subfield>
         <subfield code="d">DS266 .E87 2011</subfield>
         <subfield code="e">available</subfield>
         <subfield code="t">Available</subfield>
         <subfield code="f">1</subfield>
         <subfield code="g">0</subfield>
         <subfield code="h">N</subfield>
         <subfield code="i">0</subfield>
         <subfield code="j">SMALL</subfield>
         <subfield code="k">0</subfield>
      </datafield>
      <marc:datafield tag="852" ind1=" " ind2=" ">
         <marc:subfield code="b">Institute for the Study of the Ancient World, </marc:subfield>
         <marc:subfield code="c">Small Collection</marc:subfield>
         <marc:subfield code="e">15 East 84th St., </marc:subfield>
         <marc:subfield code="e">New York, NY  10028</marc:subfield>
      </marc:datafield>
   </record>