
  
  
  
  
  
  
  
  
 
  
  <record xsi:schemaLocation="http://www.loc.gov/MARC21/slim http://www.loc.gov/standards/marcxml/schema/MARC21slim.xsd">
      <leader>00000cam a2200361 i 4500</leader>
      <controlfield tag="FMT">BK</controlfield>
      <controlfield tag="LDR">00000cam a2200361 i 4500</controlfield>
      <controlfield tag="001">003863421</controlfield>
      <controlfield tag="005">20160608154832.0</controlfield>
      <controlfield tag="008">130405s2013    gr ab    bc   001 0 engo</controlfield>
      <datafield tag="010" ind1=" " ind2=" ">
         <subfield code="a">2013390509</subfield>
      </datafield>
      <datafield tag="020" ind1=" " ind2=" ">
         <subfield code="a">9789606878596</subfield>
      </datafield>
      <datafield tag="020" ind1=" " ind2=" ">
         <subfield code="a">9606878597</subfield>
      </datafield>
      <datafield tag="035" ind1=" " ind2=" ">
         <subfield code="a">(DLC)  2013390509</subfield>
      </datafield>
      <datafield tag="035" ind1="7" ind2=" ">
         <subfield code="a">ybp9646246</subfield>
      </datafield>
      <datafield tag="040" ind1=" " ind2=" ">
         <subfield code="a">DLC</subfield>
         <subfield code="b">eng</subfield>
         <subfield code="e">rda</subfield>
         <subfield code="c">DLC</subfield>
         <subfield code="d">BTCTA</subfield>
         <subfield code="d">OCLCO</subfield>
         <subfield code="d">UKMGB</subfield>
         <subfield code="d">YDXCP</subfield>
         <subfield code="d">NNU</subfield>
      </datafield>
      <datafield tag="042" ind1=" " ind2=" ">
         <subfield code="a">pcc</subfield>
      </datafield>
      <datafield tag="043" ind1=" " ind2=" ">
         <subfield code="a">e-gr---</subfield>
      </datafield>
      <datafield tag="050" ind1="0" ind2="0">
         <subfield code="a">N5899.C9</subfield>
         <subfield code="b">A34 2013</subfield>
      </datafield>
      <datafield tag="245" ind1="0" ind2="4">
         <subfield code="a">The Aegean world :</subfield>
         <subfield code="b">a guide to the Cycladic, Minoan and Mycenaean antiquities in the Ashmolean Museum /</subfield>
         <subfield code="c">edited by Yannis Galanakis.</subfield>
      </datafield>
      <datafield tag="264" ind1=" " ind2="1">
         <subfield code="a">Athens, Greece :</subfield>
         <subfield code="b">Kapon Editions,</subfield>
         <subfield code="c">2013.</subfield>
      </datafield>
      <datafield tag="300" ind1=" " ind2=" ">
         <subfield code="a">175 pages :</subfield>
         <subfield code="b">illustrations (some color), color maps ;</subfield>
         <subfield code="c">27 cm.</subfield>
      </datafield>
      <datafield tag="336" ind1=" " ind2=" ">
         <subfield code="a">text</subfield>
         <subfield code="b">txt</subfield>
         <subfield code="2">rdacontent</subfield>
      </datafield>
      <datafield tag="336" ind1=" " ind2=" ">
         <subfield code="a">still image</subfield>
         <subfield code="b">sti</subfield>
         <subfield code="2">rdacontent</subfield>
      </datafield>
      <datafield tag="337" ind1=" " ind2=" ">
         <subfield code="a">unmediated</subfield>
         <subfield code="b">n</subfield>
         <subfield code="2">rdamedia</subfield>
      </datafield>
      <datafield tag="338" ind1=" " ind2=" ">
         <subfield code="a">volume</subfield>
         <subfield code="b">nc</subfield>
         <subfield code="2">rdacarrier</subfield>
      </datafield>
      <datafield tag="504" ind1=" " ind2=" ">
         <subfield code="a">Includes bibliographical references and index.</subfield>
      </datafield>
      <datafield tag="505" ind1="0" ind2="0">
         <subfield code="g">1.</subfield>
         <subfield code="t">The Redeveloped Ashmolean Museum /</subfield>
         <subfield code="r">Susan Walker --</subfield>
         <subfield code="g">2.</subfield>
         <subfield code="t">The 'Aegean World' at the Ashmolean /</subfield>
         <subfield code="r">Yannis Galanakis --</subfield>
         <subfield code="t">The 'Aegean World' Gallery --</subfield>
         <subfield code="t">Early Cyclades --</subfield>
         <subfield code="t">Arthur Evans and Minoan Crete --</subfield>
         <subfield code="t">Mycenaean Greece --</subfield>
         <subfield code="t">Aegean Archives at the Ashmolean --</subfield>
         <subfield code="g">3.</subfield>
         <subfield code="t">Arthur Evans and Minoan Crete /</subfield>
         <subfield code="r">Lesley Fitton --</subfield>
         <subfield code="t">Beginnings --</subfield>
         <subfield code="t">Arthur Evans (1851-1941) --</subfield>
         <subfield code="t">Arthur Evans in Crete --</subfield>
         <subfield code="t">The Legacy of Arthur Evans --</subfield>
         <subfield code="t">Concluding Remarks --</subfield>
         <subfield code="g">4.</subfield>
         <subfield code="t">The Cyclades in the Early Bronze Age /</subfield>
         <subfield code="r">Susan Sherratt --</subfield>
         <subfield code="t">Space and Time --</subfield>
         <subfield code="t">A Sea-Centred Culture --</subfield>
         <subfield code="t">Graves, their Contents and the Early Cycladic Image --</subfield>
         <subfield code="t">Marble Vessels and Figurines --</subfield>
         <subfield code="t">Phylakopi: the Middle and Late Bronze Ages --</subfield>
         <subfield code="t">Objects and Contexts --</subfield>
         <subfield code="g">5.</subfield>
         <subfield code="t">Minoan Crete : People in a World of Objects and Places /</subfield>
         <subfield code="r">John Bennet --</subfield>
         <subfield code="t">Setting the Scene --</subfield>
         <subfield code="t">'Palaces' --</subfield>
         <subfield code="t">People and Objects in Action --</subfield>
         <subfield code="t">Image and Text --</subfield>
         <subfield code="t">Crete in the Mycenaean World --</subfield>
         <subfield code="g">6.</subfield>
         <subfield code="t">Mycenaean Greece : from Crete to the Mainland of Europe and Back /</subfield>
         <subfield code="r">Jack Davis --</subfield>
         <subfield code="t">Heinrich Schliemann and the Origins of Mycenaean Civilisation --</subfield>
         <subfield code="t">The Expansion into the Aegean of Mycenaeans and Mycenaean Culture --</subfield>
         <subfield code="t">The Mycenaean Dead --</subfield>
         <subfield code="t">The Mycenaean Palatial Centres --</subfield>
         <subfield code="g">7.</subfield>
         <subfield code="t">The Aegean Bronze Age Scripts /</subfield>
         <subfield code="r">Lisa Bendall --</subfield>
         <subfield code="t">How the Scripts were used --</subfield>
         <subfield code="t">Cretan Hieroglyphic --</subfield>
         <subfield code="t">Linear A --</subfield>
         <subfield code="t">Linear B --</subfield>
         <subfield code="t">Evans and the Ashmolean Collection --</subfield>
         <subfield code="t">The Decipherment of Linear B : Michael Ventris and John Chadwick --</subfield>
         <subfield code="t">How Ventris Deciphered Linear B --</subfield>
         <subfield code="t">The World of Linear B --</subfield>
         <subfield code="t">Epilogue --</subfield>
         <subfield code="t">Tablet Commentaries --</subfield>
         <subfield code="g">8.</subfield>
         <subfield code="t">Seals of Bronze Age Greece /</subfield>
         <subfield code="r">Helen Hughes-Brock --</subfield>
         <subfield code="t">Mainland Beginnings --</subfield>
         <subfield code="t">Crete before the 'Palaces' --</subfield>
         <subfield code="t">The 'First Palaces' (circa 1950-1800 BC) : New Stones, New Tools, and Writing --</subfield>
         <subfield code="t">The 'New Palaces' (circa 1800-1450 BC) : The Golden Age --</subfield>
         <subfield code="t">The Mycenaean Connection --</subfield>
         <subfield code="t">Decline and Fall.</subfield>
      </datafield>
      <datafield tag="610" ind1="2" ind2="0">
         <subfield code="a">Ashmolean Museum</subfield>
         <subfield code="x">Archaeological collections.</subfield>
      </datafield>
      <datafield tag="650" ind1=" " ind2="0">
         <subfield code="a">Art, Cycladic.</subfield>
      </datafield>
      <datafield tag="650" ind1=" " ind2="0">
         <subfield code="a">Art, Minoan.</subfield>
      </datafield>
      <datafield tag="650" ind1=" " ind2="0">
         <subfield code="a">Art, Mycenaean.</subfield>
      </datafield>
      <datafield tag="651" ind1=" " ind2="0">
         <subfield code="a">Greece</subfield>
         <subfield code="x">Antiquities.</subfield>
      </datafield>
      <datafield tag="700" ind1="1" ind2=" ">
         <subfield code="a">Galanakis, Ioannis,</subfield>
         <subfield code="d">1979-</subfield>
      </datafield>
      <datafield tag="710" ind1="2" ind2=" ">
         <subfield code="a">Ashmolean Museum.</subfield>
      </datafield>
      <datafield tag="OWN" ind1=" " ind2=" ">
         <subfield code="a">GENERAL</subfield>
      </datafield>
      <datafield tag="AVA" ind1=" " ind2=" ">
         <subfield code="a">NYU50</subfield>
         <subfield code="b">BOBST</subfield>
         <subfield code="c">Main Collection</subfield>
         <subfield code="d">N5899.C9 A34 2013</subfield>
         <subfield code="e">unavailable</subfield>
         <subfield code="t">Unavailable</subfield>
         <subfield code="f">1</subfield>
         <subfield code="g">1</subfield>
         <subfield code="h">N</subfield>
         <subfield code="i">1</subfield>
         <subfield code="j">MAIN</subfield>
         <subfield code="k">0</subfield>
      </datafield>
      <datafield tag="AVA" ind1=" " ind2=" ">
         <subfield code="a">NYU50</subfield>
         <subfield code="b">NISAW</subfield>
         <subfield code="c">Large Collection</subfield>
         <subfield code="d">N5899.C9 A34 2013</subfield>
         <subfield code="e">available</subfield>
         <subfield code="t">Available</subfield>
         <subfield code="f">1</subfield>
         <subfield code="g">0</subfield>
         <subfield code="h">N</subfield>
         <subfield code="i">0</subfield>
         <subfield code="j">LARGE</subfield>
         <subfield code="k">0</subfield>
      </datafield>
      <marc:datafield tag="852" ind1=" " ind2=" ">
         <marc:subfield code="b">Institute for the Study of the Ancient World, </marc:subfield>
         <marc:subfield code="c">Large Collection</marc:subfield>
         <marc:subfield code="e">15 East 84th St., </marc:subfield>
         <marc:subfield code="e">New York, NY  10028</marc:subfield>
      </marc:datafield>
   </record>