
  
  
  
  
  
  
  
  
  
 
  
  <record xsi:schemaLocation="http://www.loc.gov/MARC21/slim http://www.loc.gov/standards/marcxml/schema/MARC21slim.xsd">
      <leader>00000cam a22008654a 4500</leader>
      <controlfield tag="FMT">BK</controlfield>
      <controlfield tag="LDR">00000cam a22008654a 4500</controlfield>
      <controlfield tag="001">000350534</controlfield>
      <controlfield tag="003">OCoLC</controlfield>
      <controlfield tag="005">20160608152149.0</controlfield>
      <controlfield tag="006">m        m</controlfield>
      <controlfield tag="007">co cg |||m|||a</controlfield>
      <controlfield tag="008">060803m20062012is abe   b    001 0 eng c</controlfield>
      <datafield tag="010" ind1=" " ind2=" ">
         <subfield code="a">2006432312</subfield>
      </datafield>
      <datafield tag="020" ind1=" " ind2=" ">
         <subfield code="a">9652210587</subfield>
         <subfield code="q">(v. 1)</subfield>
      </datafield>
      <datafield tag="020" ind1=" " ind2=" ">
         <subfield code="a">9789652210586</subfield>
      </datafield>
      <datafield tag="020" ind1=" " ind2=" ">
         <subfield code="a">965221065X</subfield>
         <subfield code="q">(v. 2)</subfield>
      </datafield>
      <datafield tag="020" ind1=" " ind2=" ">
         <subfield code="a">9789652210654</subfield>
      </datafield>
      <datafield tag="020" ind1=" " ind2=" ">
         <subfield code="a">9652210765</subfield>
      </datafield>
      <datafield tag="020" ind1=" " ind2=" ">
         <subfield code="a">9789652210760</subfield>
         <subfield code="q">(v. 3)</subfield>
      </datafield>
      <datafield tag="020" ind1=" " ind2=" ">
         <subfield code="a">9789652210852</subfield>
         <subfield code="q">(v. 4)</subfield>
      </datafield>
      <datafield tag="020" ind1=" " ind2=" ">
         <subfield code="a">9652210854</subfield>
      </datafield>
      <datafield tag="035" ind1=" " ind2=" ">
         <subfield code="a">(OCoLC)68684165</subfield>
         <subfield code="z">(OCoLC)213468725</subfield>
      </datafield>
      <datafield tag="040" ind1=" " ind2=" ">
         <subfield code="a">OSU</subfield>
         <subfield code="b">eng</subfield>
         <subfield code="c">OSU</subfield>
         <subfield code="d">DLC</subfield>
         <subfield code="d">STF</subfield>
         <subfield code="d">MUQ</subfield>
         <subfield code="d">BTCTA</subfield>
         <subfield code="d">YDXCP</subfield>
         <subfield code="d">IXA</subfield>
         <subfield code="d">NLGGC</subfield>
         <subfield code="d">COD</subfield>
         <subfield code="d">NDD</subfield>
         <subfield code="d">PUL</subfield>
         <subfield code="d">BWX</subfield>
         <subfield code="d">IL4I4</subfield>
         <subfield code="d">HEBIS</subfield>
         <subfield code="d">WEINB</subfield>
         <subfield code="d">RBN</subfield>
         <subfield code="d">IUL</subfield>
         <subfield code="d">CGU</subfield>
         <subfield code="d">KAT</subfield>
         <subfield code="d">CUS</subfield>
         <subfield code="d">OCLCF</subfield>
         <subfield code="d">OCLCO</subfield>
         <subfield code="d">NNU</subfield>
      </datafield>
      <datafield tag="042" ind1=" " ind2=" ">
         <subfield code="a">pcc</subfield>
      </datafield>
      <datafield tag="043" ind1=" " ind2=" ">
         <subfield code="a">a-is---</subfield>
      </datafield>
      <datafield tag="050" ind1="0" ind2="0">
         <subfield code="a">DS110.B393</subfield>
         <subfield code="b">E93 2006</subfield>
      </datafield>
      <datafield tag="082" ind1="0" ind2="0">
         <subfield code="a">933</subfield>
         <subfield code="2">22</subfield>
      </datafield>
      <datafield tag="084" ind1=" " ind2=" ">
         <subfield code="a">15.39</subfield>
         <subfield code="2">bcl</subfield>
      </datafield>
      <datafield tag="245" ind1="0" ind2="0">
         <subfield code="a">Excavations at Tel Beth-Shean, 1989-1996 /</subfield>
         <subfield code="c">Amihai Mazar with contributions by N. Amitai-Preiss ... [et al.].</subfield>
      </datafield>
      <datafield tag="246" ind1="1" ind2="8">
         <subfield code="a">Tel Beth-Shean</subfield>
      </datafield>
      <datafield tag="260" ind1=" " ind2=" ">
         <subfield code="a">Jerusalem :</subfield>
         <subfield code="b">Israel Exploration Society :</subfield>
         <subfield code="b">The Institute of Archaeology, The Hebrew University of Jerusalem,</subfield>
         <subfield code="c">2006-2012.</subfield>
      </datafield>
      <datafield tag="300" ind1=" " ind2=" ">
         <subfield code="a">4 volumes :</subfield>
         <subfield code="b">ill. (some col.), maps, plans ;</subfield>
         <subfield code="c">28 cm. +</subfield>
         <subfield code="e">1 CD-ROM (4 3/4 in.).</subfield>
      </datafield>
      <datafield tag="336" ind1=" " ind2=" ">
         <subfield code="a">text</subfield>
         <subfield code="b">txt</subfield>
         <subfield code="2">rdacontent</subfield>
      </datafield>
      <datafield tag="336" ind1=" " ind2=" ">
         <subfield code="a">still image</subfield>
         <subfield code="b">sti</subfield>
         <subfield code="2">rdacontent</subfield>
      </datafield>
      <datafield tag="337" ind1=" " ind2=" ">
         <subfield code="a">unmediated</subfield>
         <subfield code="b">n</subfield>
         <subfield code="2">rdamedia</subfield>
      </datafield>
      <datafield tag="337" ind1=" " ind2=" ">
         <subfield code="3">Accompanying CD-ROM</subfield>
         <subfield code="a">computer</subfield>
         <subfield code="b">c</subfield>
         <subfield code="2">rdamedia</subfield>
      </datafield>
      <datafield tag="338" ind1=" " ind2=" ">
         <subfield code="a">volume</subfield>
         <subfield code="b">nc</subfield>
         <subfield code="2">rdacarrier</subfield>
      </datafield>
      <datafield tag="338" ind1=" " ind2=" ">
         <subfield code="3">Accompanying CD-ROM</subfield>
         <subfield code="a">computer disc</subfield>
         <subfield code="b">cd</subfield>
         <subfield code="2">rdacarrier</subfield>
      </datafield>
      <datafield tag="490" ind1="1" ind2=" ">
         <subfield code="a">Beth-Shean Valley Archaeological Project publication ;</subfield>
         <subfield code="v">no. 1-4</subfield>
      </datafield>
      <datafield tag="500" ind1=" " ind2=" ">
         <subfield code="a">ISAW copy (v. 1-2) is from the Library of Hayim and Miriam Tadmor.</subfield>
         <subfield code="5">NNU</subfield>
      </datafield>
      <datafield tag="500" ind1=" " ind2=" ">
         <subfield code="a">Vol. 2 has pocket in back cover with 6 folded maps and 1 CD-ROM.</subfield>
      </datafield>
      <datafield tag="504" ind1=" " ind2=" ">
         <subfield code="a">Includes bibliographical references and index.</subfield>
      </datafield>
      <datafield tag="505" ind1="0" ind2="0">
         <subfield code="g">Volume 1.</subfield>
         <subfield code="t">From the late bronze age IIB to the medieval period /</subfield>
         <subfield code="r">Amihai Mazar, with contributions by N. Amitaie-Preiss ... [and 34 others].</subfield>
         <subfield code="g">Part 1.</subfield>
         <subfield code="t">Introduction and synthesis.</subfield>
         <subfield code="g">Chapter 1.</subfield>
         <subfield code="g">Introduction :</subfield>
         <subfield code="t">The Hebrew University excavations at Tel Beth-Shean /</subfield>
         <subfield code="r">A. Mazar and R.A. Mullins --</subfield>
         <subfield code="g">Chapter 2.</subfield>
         <subfield code="t">Beth-Shean from the Late Bronze Age IIB to the Medieval period : a summary /</subfield>
         <subfield code="r">A. Mazar --</subfield>
         <subfield code="g">Appendix.</subfield>
         <subfield code="t">Excursus : the impact of town planning at Scythopolis on the topography of Tel Beth-Shean : a new understanding of its fortifications and status /</subfield>
         <subfield code="r">B. Arubas.</subfield>
         <subfield code="g">Part 2.</subfield>
         <subfield code="t">Area Q : building 1500 (the "governor's residency") and earlier structures.</subfield>
         <subfield code="g">Chapter 3.</subfield>
         <subfield code="t">Area Q : stratigraphy and architecture /</subfield>
         <subfield code="r">A. Mazar --</subfield>
         <subfield code="t">List of loci and walls --</subfield>
         <subfield code="g">Chapter 4.</subfield>
         <subfield code="t">The non-Egyptian pottery from Area Q /</subfield>
         <subfield code="r">A. Mazar --</subfield>
         <subfield code="g">Appendix 1.</subfield>
         <subfield code="t">Area Q sherd count /</subfield>
         <subfield code="r">A. Mazar and M.A.S. Martin --</subfield>
         <subfield code="g">Plates 1-5 :</subfield>
         <subfield code="t">Pottery from area Q --</subfield>
         <subfield code="g">Chapter 5.</subfield>
         <subfield code="t">The Egyptianized pottery assemblage from Area Q /</subfield>
         <subfield code="r">M.A.S. Martin --</subfield>
         <subfield code="g">Chapter 6.</subfield>
         <subfield code="t">Various finds from area Q.</subfield>
         <subfield code="g">Chapter 6A.</subfield>
         <subfield code="t">Clay, bone, stone, and metal objects /</subfield>
         <subfield code="r">N. Yahalom-Mack and A. Mazar --</subfield>
         <subfield code="g">Chapter 6B.</subfield>
         <subfield code="t">A lapis lazuli scarab /</subfield>
         <subfield code="r">B. Brandl.</subfield>
         <subfield code="g">Part 3.</subfield>
         <subfield code="t">The Iron Age II to the medieval period : stratigraphy and architecture.</subfield>
         <subfield code="g">Chapter 7.</subfield>
         <subfield code="t">Area S : the stratigraphy and architecture of the Iron Age IIA and later structures /</subfield>
         <subfield code="r">A. Mazar and N. Panitz-Cohen --</subfield>
         <subfield code="g">Chapter 8.</subfield>
         <subfield code="t">Area P : stratigraphy and architecture.</subfield>
         <subfield code="g">Chapter 8A.</subfield>
         <subfield code="t">Description of stratigraphy and architecture /</subfield>
         <subfield code="r">A. Mazar and A. Sumaka 'i Fink --</subfield>
         <subfield code="g">Chapter 8B.</subfield>
         <subfield code="t">Analysis of stratum P-7 building 28636 /</subfield>
         <subfield code="r">A. Mazar --</subfield>
         <subfield code="t">Lists of loci and walls --</subfield>
         <subfield code="g">Chapter 9.</subfield>
         <subfield code="t">Area G : stratigraphy and architecture /</subfield>
         <subfield code="r">N. Applbaum and A. Mazar --</subfield>
      </datafield>
      <datafield tag="505" ind1="8" ind2="0">
         <subfield code="g">Chapter 10.</subfield>
         <subfield code="t">Area L : stratigraphy and architecture /</subfield>
         <subfield code="r">N. Applbaum and A. Mazar --</subfield>
         <subfield code="t">Lists of loci and walls --</subfield>
         <subfield code="g">Chapter 11. Stratigraphy and architecture of areas H and T.</subfield>
         <subfield code="g">Chapter 11A.</subfield>
         <subfield code="t">Area H : stratigraphy and architecture /</subfield>
         <subfield code="r">A. Mazar --</subfield>
         <subfield code="g">Chapter 11B.</subfield>
         <subfield code="t">Area T : stratigraphy and architecture /</subfield>
         <subfield code="r">R.A. Mullins and A. Mazar.</subfield>
         <subfield code="g">Part 4.</subfield>
         <subfield code="t">The finds from the Iron Age.</subfield>
         <subfield code="g">Chapter 12.</subfield>
         <subfield code="t">The Iron Age II pottery from areas S and P /</subfield>
         <subfield code="r">A. Mazar --</subfield>
         <subfield code="g">Appendix 1.</subfield>
         <subfield code="t">Petrographic study of selected Iron Age pottery /</subfield>
         <subfield code="r">E. Buzaglo and Y. Goren --</subfield>
         <subfield code="g">Appendix 2A.</subfield>
         <subfield code="t">Computation of the capacity of pottery vessels based on drawn profiles /</subfield>
         <subfield code="r">A. Karasik and U. Smilansky --</subfield>
         <subfield code="g">Appendix 2B.</subfield>
         <subfield code="t">A quick method for estimating the capacity of ceramic vessels /</subfield>
         <subfield code="r">E. Steinbach --</subfield>
         <subfield code="g">Plates 6-42.</subfield>
         <subfield code="t">Iron Age pottery from areas S and P --</subfield>
         <subfield code="g">Chapter 13.</subfield>
         <subfield code="t">Various finds from the Iron Age II strata in areas P and S /</subfield>
         <subfield code="r">N. Yahalom-Mack and A. Mazar ... with O. Shamir --</subfield>
         <subfield code="g">Chapter 14.</subfield>
         <subfield code="t">Iron Age inscriptions and amulets --</subfield>
         <subfield code="g">Chapter 14A.</subfield>
         <subfield code="t">Iron Age inscriptions /</subfield>
         <subfield code="r">A. Mazar --</subfield>
         <subfield code="g">Chapter 14B.</subfield>
         <subfield code="t">Bes amulets from areas Q and P /</subfield>
         <subfield code="r">P.J. Cowie --</subfield>
         <subfield code="g">Chapter 14C.</subfield>
         <subfield code="t">An amulet of the demon Pazuzu /</subfield>
         <subfield code="r">T. Ornan.</subfield>
         <subfield code="g">Part 5.</subfield>
         <subfield code="t">The finds from the Hellenistic to the Medieval period.</subfield>
         <subfield code="g">Chapter 15.</subfield>
         <subfield code="t">The Hellenistic to early Islamic period pottery /</subfield>
         <subfield code="r">B.L. Johnson --</subfield>
         <subfield code="g">Appendix 1.</subfield>
         <subfield code="t">Note on some medieval period ceramics found in area P /</subfield>
         <subfield code="r">A.J. Boas --</subfield>
         <subfield code="g">Chapter 16.</subfield>
         <subfield code="t">The stamped amphora handles /</subfield>
         <subfield code="r">D.T. Ariel --</subfield>
         <subfield code="g">Chapter 17.</subfield>
         <subfield code="t">The coins /</subfield>
         <subfield code="r">N. Amitai-Preiss --</subfield>
         <subfield code="g">Chapter 18.</subfield>
         <subfield code="t">Hellenistic and Byzantine terracotta figurines /</subfield>
         <subfield code="r">A. Erlich --</subfield>
         <subfield code="g">Chapter 19.</subfield>
         <subfield code="t">Glass finds /</subfield>
         <subfield code="r">S. Hadad --</subfield>
         <subfield code="g">Chapter 20.</subfield>
         <subfield code="t">A Roman intaglio and a Roman gypsum cast /</subfield>
         <subfield code="r">O. Peleg --</subfield>
         <subfield code="g">Chapter 21.</subfield>
         <subfield code="t">A Byzantine mosaic floor /</subfield>
         <subfield code="r">L. Habas --</subfield>
      </datafield>
      <datafield tag="505" ind1="8" ind2="0">
         <subfield code="g">Chapter 22.</subfield>
         <subfield code="t">Clay, stone, and metal objects from the Hellenistic to the early Islamic period /</subfield>
         <subfield code="r">B.L. Johnson --</subfield>
         <subfield code="g">Chapter 23.</subfield>
         <subfield code="t">Bone, ivory, shell, and steatite objects from the Roman-Byzantine periods.</subfield>
         <subfield code="g">Chapter 23A.</subfield>
         <subfield code="t">Bone, ivory, and shell objects /</subfield>
         <subfield code="r">E. Ayalon --</subfield>
         <subfield code="g">Chapter 23B.</subfield>
         <subfield code="t">A Byzantine magical amulet /</subfield>
         <subfield code="r">E. Khamis.</subfield>
         <subfield code="g">Part 6.</subfield>
         <subfield code="t">Special studies.</subfield>
         <subfield code="g">Chapter 24.</subfield>
         <subfield code="t">Charred by-products of olive-oil production in the Iron age /</subfield>
         <subfield code="r">O. Simchoni and M.E. Kislev --</subfield>
         <subfield code="g">Chapter 25.</subfield>
         <subfield code="t">Identification of wood remains from areas Q, S, and P /</subfield>
         <subfield code="r">U. Baruch --</subfield>
         <subfield code="g">Chapter 26.</subfield>
         <subfield code="t">Mammalian remains from areas H, L P and Q /</subfield>
         <subfield code="r">L. Kolska Horwitz --</subfield>
         <subfield code="g">Chapter 27.</subfield>
         <subfield code="t">Construction and trade : the shells from Tel Beth-Shean /</subfield>
         <subfield code="r">D.E. Bar-Yosef Mayer --</subfield>
         <subfield code="g">Chapter 28.</subfield>
         <subfield code="t">14C dates from Iron age strata at Beth-Shean /</subfield>
         <subfield code="r">I. Carmi, D. Segal, and A. Mazar --</subfield>
         <subfield code="t">Index of pottery and other finds by locus.</subfield>
      </datafield>
      <datafield tag="505" ind1="8" ind2="0">
         <subfield code="g">Volume 2.</subfield>
         <subfield code="t">The middle and late Bronze Age strata in area R /</subfield>
         <subfield code="r">Amihai Mazar and Robert A. Mullins (editors), with contributions by B. Brandl [and 19 others].</subfield>
         <subfield code="g">Chapter 1.</subfield>
         <subfield code="t">Introduction and overview /</subfield>
         <subfield code="r">A. Mazar and R.A. Mullins --</subfield>
         <subfield code="g">Chapter 2.</subfield>
         <subfield code="t">Reflections on levels XI-IX of the University Museum excavations /</subfield>
         <subfield code="r">R.A. Mullins --</subfield>
         <subfield code="g">Chapter 3.</subfield>
         <subfield code="t">Area R : the stratigraphy and architecture of the middle and late Bronze Ages : strata R-5-R-1 /</subfield>
         <subfield code="r">R. A. Mullins and A. Mazar --</subfield>
         <subfield code="g">I.</subfield>
         <subfield code="t">The middle Bronze Age II (strata R-5-R-3) --</subfield>
         <subfield code="g">II.</subfield>
         <subfield code="t">The late Bronze Age IA (Stratum R-2) --</subfield>
         <subfield code="g">III.</subfield>
         <subfield code="t">The late Bronze Age IB-IIA (strata R-1b-R1a) --</subfield>
         <subfield code="g">Appendix 3.1.</subfield>
         <subfield code="t">Note on the middle Bronze Age burials in area M /</subfield>
         <subfield code="r">A. Mazar --</subfield>
         <subfield code="g">Appendix 3.2.</subfield>
         <subfield code="t">Interpretation of the stratigraphic sections / R.A. Mullins --</subfield>
         <subfield code="g">Chapter 4.</subfield>
         <subfield code="t">The middle Bronze Age II pottery /</subfield>
         <subfield code="r">A. Maeir --</subfield>
         <subfield code="g">Chapter 5.</subfield>
         <subfield code="t">The late Bronze Age pottery /</subfield>
         <subfield code="r">R.A. Mullins --</subfield>
         <subfield code="g">Chapter 6.</subfield>
         <subfield code="t">Provenience studies.</subfield>
         <subfield code="g">Chapter 6A.</subfield>
         <subfield code="t">The petrography of the late Bronze Age pottery /</subfield>
         <subfield code="r">A. Cohen-Weinberger --</subfield>
         <subfield code="g">Chapter 6B.</subfield>
         <subfield code="t">Instrumental neutron activation analysis of selected pottery from Tel Beth-Shean and the central Jordan valley /</subfield>
         <subfield code="r">A. Maeir and J. Yellin --</subfield>
         <subfield code="g">Chapter 7.</subfield>
         <subfield code="t">Figurative art and glyphics.</subfield>
         <subfield code="g">Chapter 7A.</subfield>
         <subfield code="t">Ceramic figurines and zoomorphic vessels, a painted sherd and various cylinder seals /</subfield>
         <subfield code="r">A. Mazar --</subfield>
         <subfield code="g">Chapter 7AB.</subfield>
         <subfield code="t">Two middle Bronze Age cylinder seals /</subfield>
         <subfield code="r">D. Collon --</subfield>
         <subfield code="g">Chapter 8.</subfield>
         <subfield code="t">Canaanite and Egyptian scarabs from area R /</subfield>
         <subfield code="r">B. Brandl --</subfield>
         <subfield code="g">Chapter 9.</subfield>
         <subfield code="t">The metal objects.</subfield>
         <subfield code="g">Chapter 9A.</subfield>
         <subfield code="t">The metal objects : catalogue and discussion /</subfield>
         <subfield code="r">N. Yahalom-Mack with contributions by L. Gershuny and A. Mazar --</subfield>
         <subfield code="g">Chapter 9B.</subfield>
         <subfield code="t">Chemical analysis of metal objects /</subfield>
         <subfield code="r">N. Yahalom-Mack, S. Shilstein and S. Shalev --</subfield>
         <subfield code="g">Chapter 10.</subfield>
         <subfield code="t">The stone vessels /</subfield>
         <subfield code="r">C. Clamer --</subfield>
      </datafield>
      <datafield tag="505" ind1="8" ind2="0">
         <subfield code="g">Chapter 11.</subfield>
         <subfield code="t">Groundstone tools and objects /</subfield>
         <subfield code="r">N. Yahalom-Mack --</subfield>
         <subfield code="g">Chapter 12.</subfield>
         <subfield code="t">The textile industry /</subfield>
         <subfield code="r">N. Yahalom-Mack --</subfield>
         <subfield code="g">Appendix 12.1.</subfield>
         <subfield code="t">A note on the late Bronze Age textile industry /</subfield>
         <subfield code="r">A. Yasur-Landau --</subfield>
         <subfield code="g">Chapter 13.</subfield>
         <subfield code="t">Various finds.</subfield>
         <subfield code="g">Chapter 13A.</subfield>
         <subfield code="t">Clay, stone, faience, bone and ivory objects /</subfield>
         <subfield code="r">N. Yahalom-Mack and A. Mazar --</subfield>
         <subfield code="g">Chapter 13B.</subfield>
         <subfield code="t">A hieratic sign /</subfield>
         <subfield code="r">S. Wimmer --</subfield>
         <subfield code="g">Chapter 14.</subfield>
         <subfield code="t">The flint assemblages of areas R, P, S, N, and Q /</subfield>
         <subfield code="r">R. Bankirer and O. Marder --</subfield>
         <subfield code="g">Chapter 15.</subfield>
         <subfield code="t">Botanical remains.</subfield>
         <subfield code="g">Chapter 15A.</subfield>
         <subfield code="t">Beth-Shean as a trade center for crops in the Bronze Age : botanical and entomological evidence /</subfield>
         <subfield code="r">O. Simchoni, M.E. Kislev and Y. Melamed --</subfield>
         <subfield code="g">Chapter 15B.</subfield>
         <subfield code="t">Identification of wodo remains from area R /</subfield>
         <subfield code="r">U. Baruch --</subfield>
         <subfield code="g">Chapter 16.</subfield>
         <subfield code="t">Interpretation of the radiocarbon dates from area R /</subfield>
         <subfield code="r">A. Mazar --</subfield>
         <subfield code="t">Index of finds by loci /</subfield>
         <subfield code="r">compiled by M. Schiffer.</subfield>
      </datafield>
      <datafield tag="505" ind1="8" ind2="0">
         <subfield code="g">Volume 3.</subfield>
         <subfield code="t">The 13th-11th century BCE strata in areas N and S /</subfield>
         <subfield code="r">Nava Panitz-Cohen and Amihai Mazar (editors), with contributions by U. Baruch [and 28 others].</subfield>
         <subfield code="g">Chapter 1.</subfield>
         <subfield code="t">Introduction and overview /</subfield>
         <subfield code="r">A. Mazar --</subfield>
         <subfield code="g">Chapter 2.</subfield>
         <subfield code="t">Area N North : stratigraphy and architecture /</subfield>
         <subfield code="r">A.E. Killebrew and A. Mazar --</subfield>
         <subfield code="g">Chapter 3.</subfield>
         <subfield code="t">Area N South : stratigraphy and architecture /</subfield>
         <subfield code="r">A. Mazar --</subfield>
         <subfield code="g">Chapter 4.</subfield>
         <subfield code="t">Area S : stratigraphy and architecture /</subfield>
         <subfield code="r">N. Panitz-Cohen and A. Mazar --</subfield>
         <subfield code="g">Chapter 5.</subfield>
         <subfield code="t">The local Canaanite pottery /</subfield>
         <subfield code="r">N. Panitz-Cohen --</subfield>
         <subfield code="g">Chapter 6.</subfield>
         <subfield code="t">The Egyptian assemblage /</subfield>
         <subfield code="r">M.A.S. Martin --</subfield>
         <subfield code="g">Chapter 7.</subfield>
         <subfield code="t">The Aegean-style pottery.</subfield>
         <subfield code="g">Chapter 7A.</subfield>
         <subfield code="t">Imported Mycenaean IIIC pottery /</subfield>
         <subfield code="r">S. Sherratt --</subfield>
         <subfield code="g">Chapter 7B.</subfield>
         <subfield code="t">Notes on pottery with Philistine, Cypriot and Aegean affinities /</subfield>
         <subfield code="r">A. Zukerman --</subfield>
         <subfield code="g">Chapter 7C.</subfield>
         <subfield code="t">Neutron activation analysis of Mycenaean IIIC-style pottery /</subfield>
         <subfield code="r">H. Mommsen, A-L. D'Agata, and A. Yasur-Landau --</subfield>
         <subfield code="g">Chapter 8.</subfield>
         <subfield code="t">Petrographic studies /</subfield>
         <subfield code="r">A. Cohen-Weinberger --</subfield>
         <subfield code="g">Chapter 9.</subfield>
         <subfield code="t">Clay figurative art and cult objects.</subfield>
         <subfield code="g">Chapter 9A.</subfield>
         <subfield code="t">Clay figurines and cult vessels /</subfield>
         <subfield code="r">A. Mazar --</subfield>
         <subfield code="g">Chapter 9B.</subfield>
         <subfield code="t">Clay cobras : Ramesside household cult of apotropaic device? /</subfield>
         <subfield code="r">A. David --</subfield>
         <subfield code="g">Chapter 9C.</subfield>
         <subfield code="t">Clay wall brackets /</subfield>
         <subfield code="r">N. Panitz-Cohen --</subfield>
         <subfield code="g">Chapter 10.</subfield>
         <subfield code="t">The metal objects.</subfield>
         <subfield code="g">Chapter 10A.</subfield>
         <subfield code="t">Typology of the metal objects /</subfield>
         <subfield code="r">N. Yahalom-Mack --</subfield>
         <subfield code="g">Appendix.</subfield>
         <subfield code="t">Evidence for metal-working --</subfield>
         <subfield code="g">Chapter 10B.</subfield>
         <subfield code="t">The chemical composition and microstructure of the metal objects /</subfield>
         <subfield code="r">S. Shalev and N. Yahalom-Mack --</subfield>
         <subfield code="g">Chapter 10C.</subfield>
         <subfield code="t">Provenancing copper-based objects using lead isotope analysis /</subfield>
         <subfield code="r">N. Yahalom-Mack and I. Segal --</subfield>
         <subfield code="g">Chapter 11.</subfield>
         <subfield code="t">Precious metals and jewelry.</subfield>
         <subfield code="g">Chapter 11A.</subfield>
         <subfield code="t">Three 20th dynasty silver hoards from the Egyptian garrison /</subfield>
         <subfield code="r">C.M. Thompson --</subfield>
         <subfield code="g">Appendix.</subfield>
         <subfield code="t">A linen textile fragment /</subfield>
         <subfield code="r">O. Shamir --</subfield>
      </datafield>
      <datafield tag="505" ind1="8" ind2="0">
         <subfield code="g">Chapter 11B.</subfield>
         <subfield code="t">Metallic and non-metallic jewelry /</subfield>
         <subfield code="r">A. Golani --</subfield>
         <subfield code="g">Chapter 11C.</subfield>
         <subfield code="t">Gold-foil objects /</subfield>
         <subfield code="r">N. Panitz-Cohen --</subfield>
         <subfield code="g">Chapter 12.</subfield>
         <subfield code="t">Glyptics.</subfield>
         <subfield code="g">Chapter 12A.</subfield>
         <subfield code="t">Scarabs, seals, selaings and seal impressions /</subfield>
         <subfield code="r">B. Brandl --</subfield>
         <subfield code="g">Chapter 12B.</subfield>
         <subfield code="t">A "kirgipa" commemorative scarab of Amenhotep III /</subfield>
         <subfield code="r">O. Goldwasser --</subfield>
         <subfield code="g">Chapter 12C.</subfield>
         <subfield code="t">Two cylinder seals /</subfield>
         <subfield code="r">D. Collon --</subfield>
         <subfield code="g">Chapter 13.</subfield>
         <subfield code="t">Various Egyptian finds.</subfield>
         <subfield code="g">Chapter 13A.</subfield>
         <subfield code="t">Hieroglyphics inscribed on a bone /</subfield>
         <subfield code="r">O. Goldwasser --</subfield>
         <subfield code="g">Chapter 13B.</subfield>
         <subfield code="t">A hieratic inscription: "The bow of Anat"? /</subfield>
         <subfield code="r">S.J. Wimmer --</subfield>
         <subfield code="g">Chapter 13C.</subfield>
         <subfield code="t">A relief depicting a man on a folding chair and a cornice block /</subfield>
         <subfield code="r">D. Sweeney --</subfield>
         <subfield code="g">Chapter 13D.</subfield>
         <subfield code="t">Egyptian 20th dynasty wall paintings /</subfield>
         <subfield code="r">A. David --</subfield>
         <subfield code="g">Chapter 13E.</subfield>
         <subfield code="t">Faience amulets /</subfield>
         <subfield code="r">C. Herrmann --</subfield>
         <subfield code="g">Chapter 14.</subfield>
         <subfield code="t">Groundstone implements /</subfield>
         <subfield code="r">N. Yahalom-Mack and N. Panitz-Cohen --</subfield>
         <subfield code="g">Chapter 15.</subfield>
         <subfield code="t">Textile-related objects and a basket imprint /</subfield>
         <subfield code="r">N. Panitz-Cohen and N. Yahalom-Mack --</subfield>
         <subfield code="g">Chapter 16.</subfield>
         <subfield code="t">Various finds : clay, stone, ivory, bone and faience objects and vessels /</subfield>
         <subfield code="r">N. Panitz-Cohen, N. Yahalom-Mack, and A. Mazar --</subfield>
         <subfield code="g">Chapter 17.</subfield>
         <subfield code="t">Botanical remains.</subfield>
         <subfield code="g">Chapter 17A.</subfield>
         <subfield code="t">Food and industrial crops /</subfield>
         <subfield code="r">M.E. Kislev, O. Simchoni, Y. Melamed and L. Maroz --</subfield>
         <subfield code="g">Chapter 17B.</subfield>
         <subfield code="t">Wood remains /</subfield>
         <subfield code="r">U. Baruch --</subfield>
         <subfield code="g">Chapter 18.</subfield>
         <subfield code="t">Fish bones /</subfield>
         <subfield code="r">O. Lernau --</subfield>
         <subfield code="t">Index of finds by loci /</subfield>
         <subfield code="r">compiled by N. Panitz-Cohen --</subfield>
         <subfield code="t">Index of loci by building /</subfield>
         <subfield code="r">compiled by N. Panitz-Cohen.</subfield>
      </datafield>
      <datafield tag="505" ind1="8" ind2="0">
         <subfield code="g">Volume 4.</subfield>
         <subfield code="t">The 4th and 4rd millennia BCE /</subfield>
         <subfield code="r">Amihai Mazar (editor), with contributions by R. Bankirer [and 18 others].</subfield>
         <subfield code="g">Chapter 1.</subfield>
         <subfield code="t">Introduction and synthesis /</subfield>
         <subfield code="r">A. Mazar.</subfield>
         <subfield code="t">The Beth-Shean valley in the early Bronze Age --</subfield>
         <subfield code="t">The excavation areas --</subfield>
         <subfield code="t">Correlating the old and new excavations --</subfield>
         <subfield code="t">The early Bronze IB at Tel Beth-Shean --</subfield>
         <subfield code="t">The early Bronze II occupation gap --</subfield>
         <subfield code="t">The early Bronze Age III --</subfield>
         <subfield code="t">The intermediate Bronze Age.</subfield>
         <subfield code="g">Chapter 2.</subfield>
         <subfield code="t">Area M : the stratigraphy and architecture /</subfield>
         <subfield code="r">A. Mazar, Y. Rotem and D. Weinblatt --</subfield>
         <subfield code="g">Chapter 3.</subfield>
         <subfield code="t">Area R (EB III-IBA) : the stratigraphy and architecture /</subfield>
         <subfield code="r">A. Mazar, R. Mullins and A. Ziv-Esudri --</subfield>
         <subfield code="g">Chapter 4.</subfield>
         <subfield code="t">The early Bronze Age IB pottery from area M /</subfield>
         <subfield code="r">Y. Rotem --</subfield>
         <subfield code="g">Chapter 5.</subfield>
         <subfield code="t">The early Bronze Age III pottery from areas M and R /</subfield>
         <subfield code="r">A. Ziv-Esudri --</subfield>
         <subfield code="g">Chapter 6.</subfield>
         <subfield code="t">Petrographic analysis of early Bronze Age III pottery /</subfield>
         <subfield code="r">A. Cohen-Weinberger --</subfield>
         <subfield code="g">Chapter 7.</subfield>
         <subfield code="t">A technological study of the early Bronze Age III pottery /</subfield>
         <subfield code="r">M. Iserlis, R. Greenberg and Y. Goren --</subfield>
         <subfield code="g">Chapter 8.</subfield>
         <subfield code="t">The intermediate Bronze Age pottery from area R /</subfield>
         <subfield code="r">A. Mazar --</subfield>
         <subfield code="g">Chapter 9.</subfield>
         <subfield code="t">The small finds from the early Bronze and intermediate Bronze Age strata in areas M and R /</subfield>
         <subfield code="r">A. Mazar and Y. Rotem --</subfield>
         <subfield code="g">Chapter 10.</subfield>
         <subfield code="t">Scientific analysis of metal objects.</subfield>
         <subfield code="g">Chapter 10A.</subfield>
         <subfield code="t">Chemical analysis of early Bronze Age copper blades from area M /</subfield>
         <subfield code="r">M. Ponting --</subfield>
         <subfield code="g">Chapter 10B.</subfield>
         <subfield code="t">Lead isotope analysis of five copper objects /</subfield>
         <subfield code="r">I. Segal and N. Yahalom-Mack --</subfield>
         <subfield code="g">Chapter 11.</subfield>
         <subfield code="t">The flint assemblage from area M /</subfield>
         <subfield code="r">O. Marder and R.Y. Bankirer --</subfield>
         <subfield code="g">Chapter 12.</subfield>
         <subfield code="t">Botanical remains.</subfield>
         <subfield code="g">Chapter 12A.</subfield>
         <subfield code="t">Food and fodder in early Bronze Age strata in area M /</subfield>
         <subfield code="r">O. Simchoni and M.E. Kislev --</subfield>
         <subfield code="g">Chapter 12B.</subfield>
         <subfield code="t">Wood remains from area M /</subfield>
         <subfield code="r">U. Baruch --</subfield>
      </datafield>
      <datafield tag="505" ind1="8" ind2="0">
         <subfield code="g">Chapter 13.</subfield>
         <subfield code="t">Additional objects from Tell Beth-Shean.</subfield>
         <subfield code="g">Chapter 13A.</subfield>
         <subfield code="t">Two neolithic/early chalcolithic stone figurines /</subfield>
         <subfield code="r">A. Vered --</subfield>
         <subfield code="g">Chapter 13B.</subfield>
         <subfield code="t">Complementary material to Tel Beth-Shean volumes II-III /</subfield>
         <subfield code="r">N. Panitz-Cohen.</subfield>
      </datafield>
      <datafield tag="651" ind1=" " ind2="0">
         <subfield code="a">Bet Sheʼan (Israel)</subfield>
         <subfield code="x">Antiquities.</subfield>
      </datafield>
      <datafield tag="650" ind1=" " ind2="0">
         <subfield code="a">Excavations (Archaeology)</subfield>
         <subfield code="z">Israel</subfield>
         <subfield code="z">Bet Sheʼan.</subfield>
      </datafield>
      <datafield tag="650" ind1=" " ind2="0">
         <subfield code="a">Bronze age</subfield>
         <subfield code="z">Israel</subfield>
         <subfield code="z">Bet Sheʼan.</subfield>
      </datafield>
      <datafield tag="650" ind1=" " ind2="0">
         <subfield code="a">Pottery, Ancient</subfield>
         <subfield code="z">Israel</subfield>
         <subfield code="z">Bet Sheʼan.</subfield>
      </datafield>
      <datafield tag="650" ind1=" " ind2="7">
         <subfield code="a">Antiquities.</subfield>
         <subfield code="2">fast</subfield>
         <subfield code="0">(OCoLC)fst00810745</subfield>
      </datafield>
      <datafield tag="650" ind1=" " ind2="7">
         <subfield code="a">Excavations (Archaeology)</subfield>
         <subfield code="2">fast</subfield>
         <subfield code="0">(OCoLC)fst00917564</subfield>
      </datafield>
      <datafield tag="651" ind1=" " ind2="7">
         <subfield code="a">Israel</subfield>
         <subfield code="z">Bet Sheʼan.</subfield>
         <subfield code="2">fast</subfield>
         <subfield code="0">(OCoLC)fst01219658</subfield>
      </datafield>
      <datafield tag="796" ind1="1" ind2=" ">
         <subfield code="a">Tadmor, Hayim,</subfield>
         <subfield code="e">former owner.</subfield>
      </datafield>
      <datafield tag="796" ind1="1" ind2=" ">
         <subfield code="a">Tadmor, Miriam,</subfield>
         <subfield code="e">former owner.</subfield>
      </datafield>
      <datafield tag="797" ind1="2" ind2=" ">
         <subfield code="a">Tadmor Collection.</subfield>
      </datafield>
      <datafield tag="797" ind1="2" ind2=" ">
         <subfield code="a">White Levy Program Collection.</subfield>
      </datafield>
      <datafield tag="797" ind1="2" ind2=" ">
         <subfield code="a">WLP Collection.</subfield>
      </datafield>
      <datafield tag="700" ind1="1" ind2=" ">
         <subfield code="a">Amitai-Preiss, Nitzan,</subfield>
         <subfield code="e">contributor.</subfield>
      </datafield>
      <datafield tag="700" ind1="1" ind2=" ">
         <subfield code="a">Applbaum, Nachum,</subfield>
         <subfield code="e">contributor.</subfield>
      </datafield>
      <datafield tag="700" ind1="1" ind2=" ">
         <subfield code="a">Ariel, Donald T.,</subfield>
         <subfield code="e">contributor.</subfield>
      </datafield>
      <datafield tag="700" ind1="1" ind2=" ">
         <subfield code="a">Arubas, Benny,</subfield>
         <subfield code="e">contributor.</subfield>
      </datafield>
      <datafield tag="700" ind1="1" ind2=" ">
         <subfield code="a">Ayalon, Etan,</subfield>
         <subfield code="e">contributor.</subfield>
      </datafield>
      <datafield tag="700" ind1="1" ind2=" ">
         <subfield code="a">Bankirer, Rina Y.,</subfield>
         <subfield code="e">contributor.</subfield>
      </datafield>
      <datafield tag="700" ind1="1" ind2=" ">
         <subfield code="a">Baruch, U.</subfield>
         <subfield code="q">(Uri),</subfield>
         <subfield code="e">contributor.</subfield>
      </datafield>
      <datafield tag="700" ind1="1" ind2=" ">
         <subfield code="a">Boas, Adrian J.,</subfield>
         <subfield code="d">1952-</subfield>
         <subfield code="e">contributor.</subfield>
      </datafield>
      <datafield tag="700" ind1="1" ind2=" ">
         <subfield code="a">Brandl, Baruch,</subfield>
         <subfield code="e">contributor.</subfield>
      </datafield>
      <datafield tag="700" ind1="1" ind2=" ">
         <subfield code="a">Buzaglo, Eyal,</subfield>
         <subfield code="e">contributor.</subfield>
      </datafield>
      <datafield tag="700" ind1="1" ind2=" ">
         <subfield code="a">Carmi, I.</subfield>
         <subfield code="q">(Israel),</subfield>
         <subfield code="e">contributor.</subfield>
      </datafield>
      <datafield tag="700" ind1="1" ind2=" ">
         <subfield code="a">Clamer, Christa,</subfield>
         <subfield code="e">contributor.</subfield>
      </datafield>
      <datafield tag="700" ind1="1" ind2=" ">
         <subfield code="a">Cohen-Weinberger, Anat,</subfield>
         <subfield code="e">contributor.</subfield>
      </datafield>
      <datafield tag="700" ind1="1" ind2=" ">
         <subfield code="a">Collon, Dominique,</subfield>
         <subfield code="e">contributor.</subfield>
      </datafield>
      <datafield tag="700" ind1="1" ind2=" ">
         <subfield code="a">Cowie, Paul James,</subfield>
         <subfield code="e">contributor.</subfield>
      </datafield>
      <datafield tag="700" ind1="1" ind2=" ">
         <subfield code="a">Cross, Frank Moore,</subfield>
         <subfield code="e">contributor.</subfield>
      </datafield>
      <datafield tag="700" ind1="1" ind2=" ">
         <subfield code="a">D'Agata, Anna Lucia,</subfield>
         <subfield code="e">contributor.</subfield>
      </datafield>
      <datafield tag="700" ind1="1" ind2=" ">
         <subfield code="a">David, Arlette,</subfield>
         <subfield code="e">contributor.</subfield>
      </datafield>
      <datafield tag="700" ind1="1" ind2=" ">
         <subfield code="a">Erlich, Adi,</subfield>
         <subfield code="e">contributor.</subfield>
      </datafield>
      <datafield tag="700" ind1="1" ind2=" ">
         <subfield code="a">Fink, Amir Sumakaʼi,</subfield>
         <subfield code="e">contributor.</subfield>
      </datafield>
      <datafield tag="700" ind1="1" ind2=" ">
         <subfield code="a">Gershuny, Lilly,</subfield>
         <subfield code="e">contributor.</subfield>
      </datafield>
      <datafield tag="700" ind1="1" ind2=" ">
         <subfield code="a">Golani, Amir,</subfield>
         <subfield code="e">contributor.</subfield>
      </datafield>
      <datafield tag="700" ind1="1" ind2=" ">
         <subfield code="a">Goldwasser, Orly,</subfield>
         <subfield code="e">contributor.</subfield>
      </datafield>
      <datafield tag="700" ind1="1" ind2=" ">
         <subfield code="a">Goren, Yuval,</subfield>
         <subfield code="e">contributor.</subfield>
      </datafield>
      <datafield tag="700" ind1="1" ind2=" ">
         <subfield code="a">Greenberg, Raphael,</subfield>
         <subfield code="e">contributor.</subfield>
      </datafield>
      <datafield tag="700" ind1="1" ind2=" ">
         <subfield code="a">Habas, Lihi,</subfield>
         <subfield code="d">1954-</subfield>
         <subfield code="e">contributor.</subfield>
      </datafield>
      <datafield tag="700" ind1="1" ind2=" ">
         <subfield code="a">Hadad, Shulamit,</subfield>
         <subfield code="e">contributor.</subfield>
      </datafield>
      <datafield tag="700" ind1="1" ind2=" ">
         <subfield code="a">Herr, Larry G.,</subfield>
         <subfield code="e">contributor.</subfield>
      </datafield>
      <datafield tag="700" ind1="1" ind2=" ">
         <subfield code="a">Herrmann, Christian,</subfield>
         <subfield code="d">1957-</subfield>
         <subfield code="e">contributor.</subfield>
      </datafield>
      <datafield tag="700" ind1="1" ind2=" ">
         <subfield code="a">Horwitz, Liora Kolska,</subfield>
         <subfield code="e">contributor.</subfield>
      </datafield>
      <datafield tag="700" ind1="1" ind2=" ">
         <subfield code="a">Iserlis, Mark,</subfield>
         <subfield code="e">contributor.</subfield>
      </datafield>
      <datafield tag="700" ind1="1" ind2=" ">
         <subfield code="a">Johnson, Barbara L.</subfield>
         <subfield code="q">(Barbara Lee),</subfield>
         <subfield code="d">1943-</subfield>
         <subfield code="e">contributor.</subfield>
      </datafield>
      <datafield tag="700" ind1="1" ind2=" ">
         <subfield code="a">Karasik, Avshalom,</subfield>
         <subfield code="e">contributor.</subfield>
      </datafield>
      <datafield tag="700" ind1="1" ind2=" ">
         <subfield code="a">Khamis, Elias,</subfield>
         <subfield code="d">1962-</subfield>
         <subfield code="e">contributor.</subfield>
      </datafield>
      <datafield tag="700" ind1="1" ind2=" ">
         <subfield code="a">Killebrew, Ann E.,</subfield>
         <subfield code="e">contributor.</subfield>
      </datafield>
      <datafield tag="700" ind1="1" ind2=" ">
         <subfield code="a">Kislev, Mordechai E.,</subfield>
         <subfield code="e">contributor.</subfield>
      </datafield>
      <datafield tag="700" ind1="1" ind2=" ">
         <subfield code="a">Kourou, Nota,</subfield>
         <subfield code="e">contributor.</subfield>
      </datafield>
      <datafield tag="700" ind1="1" ind2=" ">
         <subfield code="a">Lernau, Omri,</subfield>
         <subfield code="e">contributor.</subfield>
      </datafield>
      <datafield tag="700" ind1="1" ind2=" ">
         <subfield code="a">Maeir, Aren M.,</subfield>
         <subfield code="e">contributor.</subfield>
      </datafield>
      <datafield tag="700" ind1="1" ind2=" ">
         <subfield code="a">Marder, Ofer,</subfield>
         <subfield code="e">contributor.</subfield>
      </datafield>
      <datafield tag="700" ind1="1" ind2=" ">
         <subfield code="a">Maroz, Lior,</subfield>
         <subfield code="e">contributor.</subfield>
      </datafield>
      <datafield tag="700" ind1="1" ind2=" ">
         <subfield code="a">Martin, Mario A. S.,</subfield>
         <subfield code="e">contributor.</subfield>
      </datafield>
      <datafield tag="700" ind1="1" ind2=" ">
         <subfield code="a">Mayer, Daniella Bar-Yosef,</subfield>
         <subfield code="e">contributor.</subfield>
      </datafield>
      <datafield tag="700" ind1="1" ind2=" ">
         <subfield code="a">Mazar, Amihay,</subfield>
         <subfield code="d">1942-</subfield>
         <subfield code="e">editor,</subfield>
         <subfield code="e">contributor.</subfield>
      </datafield>
      <datafield tag="700" ind1="1" ind2=" ">
         <subfield code="a">Melamed, Yaakov,</subfield>
         <subfield code="e">contributor.</subfield>
      </datafield>
      <datafield tag="700" ind1="1" ind2=" ">
         <subfield code="a">Melamed, Yoel,</subfield>
         <subfield code="e">contributor.</subfield>
      </datafield>
      <datafield tag="700" ind1="1" ind2=" ">
         <subfield code="a">Mommsen, Hans,</subfield>
         <subfield code="d">1942-</subfield>
         <subfield code="e">contributor.</subfield>
      </datafield>
      <datafield tag="700" ind1="1" ind2=" ">
         <subfield code="a">Mullins, Robert A.,</subfield>
         <subfield code="e">editor,</subfield>
         <subfield code="e">contributor.</subfield>
      </datafield>
      <datafield tag="700" ind1="1" ind2=" ">
         <subfield code="a">Ornan, Tallay,</subfield>
         <subfield code="e">contributor.</subfield>
      </datafield>
      <datafield tag="700" ind1="1" ind2=" ">
         <subfield code="a">Panitz-Cohen, Nava,</subfield>
         <subfield code="e">editor,</subfield>
         <subfield code="e">contributor.</subfield>
      </datafield>
      <datafield tag="700" ind1="1" ind2=" ">
         <subfield code="a">Peleg, Orit,</subfield>
         <subfield code="e">contributor.</subfield>
      </datafield>
      <datafield tag="700" ind1="1" ind2=" ">
         <subfield code="a">Ponting, Matthew,</subfield>
         <subfield code="e">contributor.</subfield>
      </datafield>
      <datafield tag="700" ind1="1" ind2=" ">
         <subfield code="a">Rotem, Yael,</subfield>
         <subfield code="e">contributor.</subfield>
      </datafield>
      <datafield tag="700" ind1="1" ind2=" ">
         <subfield code="a">Segal, Dror,</subfield>
         <subfield code="e">contributor.</subfield>
      </datafield>
      <datafield tag="700" ind1="1" ind2=" ">
         <subfield code="a">Segal, Irina,</subfield>
         <subfield code="e">contributor.</subfield>
      </datafield>
      <datafield tag="700" ind1="1" ind2=" ">
         <subfield code="a">Shalev, Sariel,</subfield>
         <subfield code="e">contributor.</subfield>
      </datafield>
      <datafield tag="700" ind1="1" ind2=" ">
         <subfield code="a">Shamir, Orit,</subfield>
         <subfield code="e">contributor.</subfield>
      </datafield>
      <datafield tag="700" ind1="1" ind2=" ">
         <subfield code="a">Schiffer, Merav,</subfield>
         <subfield code="e">contributor.</subfield>
      </datafield>
      <datafield tag="700" ind1="1" ind2=" ">
         <subfield code="a">Shalev, Sariel,</subfield>
         <subfield code="e">contributor.</subfield>
      </datafield>
      <datafield tag="700" ind1="1" ind2=" ">
         <subfield code="a">Sherratt, Susan,</subfield>
         <subfield code="e">contributor.</subfield>
      </datafield>
      <datafield tag="700" ind1="1" ind2=" ">
         <subfield code="a">Shilstein, Sana,</subfield>
         <subfield code="e">contributor.</subfield>
      </datafield>
      <datafield tag="700" ind1="1" ind2=" ">
         <subfield code="a">Simchoni, Orit,</subfield>
         <subfield code="e">contributor.</subfield>
      </datafield>
      <datafield tag="700" ind1="1" ind2=" ">
         <subfield code="a">Simchoni, Orna,</subfield>
         <subfield code="e">contributor.</subfield>
      </datafield>
      <datafield tag="700" ind1="1" ind2=" ">
         <subfield code="a">Smilansky, U.,</subfield>
         <subfield code="e">contributor.</subfield>
      </datafield>
      <datafield tag="700" ind1="1" ind2=" ">
         <subfield code="a">Smith, Joanna S.,</subfield>
         <subfield code="d">1965-</subfield>
         <subfield code="e">contributor.</subfield>
      </datafield>
      <datafield tag="700" ind1="1" ind2=" ">
         <subfield code="a">Spiegelman, Mark,</subfield>
         <subfield code="e">contributor.</subfield>
      </datafield>
      <datafield tag="700" ind1="1" ind2=" ">
         <subfield code="a">Steinbach, Erik,</subfield>
         <subfield code="e">contributor.</subfield>
      </datafield>
      <datafield tag="700" ind1="1" ind2=" ">
         <subfield code="a">Sweeney, Deborah,</subfield>
         <subfield code="e">contributor.</subfield>
      </datafield>
      <datafield tag="700" ind1="1" ind2=" ">
         <subfield code="a">Thompson, Christine M.,</subfield>
         <subfield code="e">contributor.</subfield>
      </datafield>
      <datafield tag="700" ind1="1" ind2=" ">
         <subfield code="a">Vered, Ariel,</subfield>
         <subfield code="e">contributor.</subfield>
      </datafield>
      <datafield tag="700" ind1="1" ind2=" ">
         <subfield code="a">Weinblatt, Dalit,</subfield>
         <subfield code="e">contributor.</subfield>
      </datafield>
      <datafield tag="700" ind1="1" ind2=" ">
         <subfield code="a">Wimmer, Stefan,</subfield>
         <subfield code="d">1963-</subfield>
         <subfield code="e">contributor.</subfield>
      </datafield>
      <datafield tag="700" ind1="1" ind2=" ">
         <subfield code="a">Yahalom-Mack, Naama,</subfield>
         <subfield code="e">contributor.</subfield>
      </datafield>
      <datafield tag="700" ind1="1" ind2=" ">
         <subfield code="a">Yellin, Joseph,</subfield>
         <subfield code="e">contributor.</subfield>
      </datafield>
      <datafield tag="700" ind1="1" ind2=" ">
         <subfield code="a">Yasur-Landau, Assaf,</subfield>
         <subfield code="e">contributor.</subfield>
      </datafield>
      <datafield tag="700" ind1="1" ind2=" ">
         <subfield code="a">Ziv-Esudri, Adi,</subfield>
         <subfield code="e">contributor.</subfield>
      </datafield>
      <datafield tag="700" ind1="1" ind2=" ">
         <subfield code="a">Zukerman, Alexander,</subfield>
         <subfield code="e">contributor.</subfield>
      </datafield>
      <datafield tag="710" ind1="2" ind2=" ">
         <subfield code="a">Shelby White and Leon Levy Program for Archaeological Publications (Firm)</subfield>
      </datafield>
      <datafield tag="776" ind1="0" ind2="8">
         <subfield code="i">Online version:</subfield>
         <subfield code="t">Excavations at Tel Beth-Shean, 1989-1996.</subfield>
         <subfield code="d">Jerusalem : Israel Exploration Society : Institute of Archaeology, the Hebrew University of Jerusalem, 2006-</subfield>
         <subfield code="w">(OCoLC)607673143</subfield>
      </datafield>
      <datafield tag="776" ind1="0" ind2="8">
         <subfield code="i">Online version:</subfield>
         <subfield code="t">Excavations at Tel Beth-Shean, 1989-1996.</subfield>
         <subfield code="d">Jerusalem : Israel Exploration Society : Institute of Archaeology, the Hebrew University of Jerusalem, 2006-</subfield>
         <subfield code="w">(OCoLC)607757704</subfield>
      </datafield>
      <datafield tag="830" ind1=" " ind2="0">
         <subfield code="a">Beth-Shean Valley Archaeological Project ;</subfield>
         <subfield code="v">no. 1.</subfield>
      </datafield>
      <datafield tag="830" ind1=" " ind2="0">
         <subfield code="a">Beth-Shean Valley Archaeological Project ;</subfield>
         <subfield code="v">no. 2.</subfield>
      </datafield>
      <datafield tag="830" ind1=" " ind2="0">
         <subfield code="a">Beth-Shean Valley Archaeological Project ;</subfield>
         <subfield code="v">no. 3.</subfield>
      </datafield>
      <datafield tag="830" ind1=" " ind2="0">
         <subfield code="a">Beth-Shean Valley Archaeological Project ;</subfield>
         <subfield code="v">no. 4.</subfield>
      </datafield>
      <datafield tag="OWN" ind1=" " ind2=" ">
         <subfield code="a">GENERAL</subfield>
      </datafield>
      <datafield tag="AVA" ind1=" " ind2=" ">
         <subfield code="a">NYU50</subfield>
         <subfield code="b">BOBST</subfield>
         <subfield code="c">Main Collection</subfield>
         <subfield code="d">DS110.B393 E85 2006</subfield>
         <subfield code="e">available</subfield>
         <subfield code="t">Available</subfield>
         <subfield code="f">3</subfield>
         <subfield code="g">0</subfield>
         <subfield code="h">Y</subfield>
         <subfield code="i">11</subfield>
         <subfield code="j">MAIN</subfield>
         <subfield code="k">0</subfield>
      </datafield>
      <datafield tag="AVA" ind1=" " ind2=" ">
         <subfield code="a">NYU50</subfield>
         <subfield code="b">NISAW</subfield>
         <subfield code="c">Large Collection</subfield>
         <subfield code="d">DS110.B393 E85 2006</subfield>
         <subfield code="e">available</subfield>
         <subfield code="t">Available</subfield>
         <subfield code="f">4</subfield>
         <subfield code="g">0</subfield>
         <subfield code="h">Y</subfield>
         <subfield code="i">0</subfield>
         <subfield code="j">LARGE</subfield>
         <subfield code="k">0</subfield>
      </datafield>
      <marc:datafield tag="852" ind1=" " ind2=" ">
         <marc:subfield code="b">Institute for the Study of the Ancient World, </marc:subfield>
         <marc:subfield code="c">Large Collection</marc:subfield>
         <marc:subfield code="e">15 East 84th St., </marc:subfield>
         <marc:subfield code="e">New York, NY  10028</marc:subfield>
      </marc:datafield>
   </record>