
  
  
  
  
  
  
  
  
  
  
  
 
  
  <record xsi:schemaLocation="http://www.loc.gov/MARC21/slim http://www.loc.gov/standards/marcxml/schema/MARC21slim.xsd">
      <leader>00000cam a22      i 4500</leader>
      <controlfield tag="FMT">BK</controlfield>
      <controlfield tag="LDR">00000cam a22      i 4500</controlfield>
      <controlfield tag="001">004314423</controlfield>
      <controlfield tag="005">20160621160432.0</controlfield>
      <controlfield tag="008">160608t20152015tu abe f b    100 0 fre d</controlfield>
      <datafield tag="020" ind1=" " ind2=" ">
         <subfield code="a">9782362450594</subfield>
         <subfield code="q">paperback</subfield>
      </datafield>
      <datafield tag="020" ind1=" " ind2=" ">
         <subfield code="a">2362450597</subfield>
      </datafield>
      <datafield tag="035" ind1=" " ind2=" ">
         <subfield code="a">(OCoLC)941068023</subfield>
         <subfield code="z">(OCoLC)931628038</subfield>
         <subfield code="z">(OCoLC)931646493</subfield>
      </datafield>
      <datafield tag="040" ind1=" " ind2=" ">
         <subfield code="a">EQO</subfield>
         <subfield code="b">eng</subfield>
         <subfield code="e">rda</subfield>
         <subfield code="c">EQO</subfield>
         <subfield code="d">OCLCO</subfield>
         <subfield code="d">BTCTA</subfield>
         <subfield code="d">YDXCP</subfield>
         <subfield code="d">ZYU</subfield>
      </datafield>
      <datafield tag="041" ind1="0" ind2=" ">
         <subfield code="a">fre</subfield>
         <subfield code="a">eng</subfield>
         <subfield code="b">eng</subfield>
      </datafield>
      <datafield tag="043" ind1=" " ind2=" ">
         <subfield code="a">a-tu---</subfield>
      </datafield>
      <datafield tag="050" ind1=" " ind2="4">
         <subfield code="a">DS156.C3</subfield>
         <subfield code="b">R46 2015</subfield>
      </datafield>
      <datafield tag="111" ind1="2" ind2=" ">
         <subfield code="a">Rencontres d'archéologie de l'IFEA</subfield>
         <subfield code="n">(3 :</subfield>
         <subfield code="d">2012 :</subfield>
         <subfield code="c">Istanbul).</subfield>
      </datafield>
      <datafield tag="245" ind1="1" ind2="3">
         <subfield code="a">La Cappadoce méridionale :</subfield>
         <subfield code="b">de la préhistoire à la période byzantine /</subfield>
         <subfield code="c">Dominique Beyer, Olivier Henry et Aksel Tibet (éds.).</subfield>
      </datafield>
      <datafield tag="264" ind1=" " ind2="1">
         <subfield code="a">Istanbul :</subfield>
         <subfield code="b">Institut Français d'Etudes Anatoliennes Georges-Dumézil,</subfield>
         <subfield code="c">[2015]</subfield>
      </datafield>
      <datafield tag="264" ind1=" " ind2="4">
         <subfield code="c">©2015</subfield>
      </datafield>
      <datafield tag="300" ind1=" " ind2=" ">
         <subfield code="a">viii, 249 pages :</subfield>
         <subfield code="b">illustrations, maps, plans. ;</subfield>
         <subfield code="c">28 cm</subfield>
      </datafield>
      <datafield tag="336" ind1=" " ind2=" ">
         <subfield code="a">text</subfield>
         <subfield code="2">rdacontent</subfield>
      </datafield>
      <datafield tag="337" ind1=" " ind2=" ">
         <subfield code="a">unmediated</subfield>
         <subfield code="2">rdamedia</subfield>
      </datafield>
      <datafield tag="338" ind1=" " ind2=" ">
         <subfield code="a">volume</subfield>
         <subfield code="2">rdacarrier</subfield>
      </datafield>
      <datafield tag="500" ind1=" " ind2=" ">
         <subfield code="a">Proceedings of the conference held in Istanbul, 8th-9th November, 2012.</subfield>
      </datafield>
      <datafield tag="546" ind1=" " ind2=" ">
         <subfield code="a">Texts in French and English, with abstracts in English.</subfield>
      </datafield>
      <datafield tag="504" ind1=" " ind2=" ">
         <subfield code="a">Includes bibliographical references.</subfield>
      </datafield>
      <datafield tag="505" ind1="0" ind2="0">
         <subfield code="g">I.</subfield>
         <subfield code="t">Environnement.</subfield>
         <subfield code="t">Volcanism and Evolution of the Landscapes in Cappadocia /</subfield>
         <subfield code="r">Attila Çiner, Erkan Aydar, M. Akif Sarıkaya --</subfield>
         <subfield code="t">The Rise and Fall of the Hittite State in Central Anatolia : How, When, Where, Did Climate Intervene? /</subfield>
         <subfield code="r">Catherine Kuzucuoğlu.</subfield>
         <subfield code="g">II.</subfield>
         <subfield code="t">De la Prehistoire à L'Âge du Fer.</subfield>
         <subfield code="t">The Early Sedentary Community of Cappadocia: Aşıklı Höyük /</subfield>
         <subfield code="r">Mihriban Özbaşaran , Güneş Duru --</subfield>
         <subfield code="t">A Discussion of the Origin and the Distribution Patterns of Red Lustrous Wheel-Made Ware in Anatolia : Cultural Connections Across the Taurus and Amanus Mountains /</subfield>
         <subfield code="r">Ekin Kozal --</subfield>
         <subfield code="t">Le Site de Kınık-Höyük et la Cappadoce Méridionale : Recherches Archéologioues et Historiques /</subfield>
         <subfield code="r">Maria Elena Balza --</subfield>
         <subfield code="t">Les Rituels de la Vieille Femme Tunnavviya : Témoignages du Bas Pays Hittite?</subfield>
         <subfield code="r">Alice Mouton --</subfield>
         <subfield code="t">Le Höyük de Porsuk, Une Forteresse Hittite en Cappadoce Meridionale /</subfield>
         <subfield code="r">Olivier Pelon --</subfield>
         <subfield code="t">Quelques Nouvelles Données sur la Chronologie des Phases Anciennes de Porsuk, du Bronze Moyen à la Réoccupation Du Fer /</subfield>
         <subfield code="r">Dominique Beyer --</subfield>
         <subfield code="t">Les Fortifications Occidentales de Porsuk, Restitution et Modélisation des États les Plus Anciens /</subfield>
         <subfield code="r">Aksel Tibet, Françoise Laroche-Traunecker --</subfield>
         <subfield code="t">Porsuk - Zeyve Höyük à l'âge du Fer : Le Cas des Fibules Comme Marqueurs D'échanges et de Datation /</subfield>
         <subfield code="r">Julie Patrier-Lacambre.</subfield>
         <subfield code="g">III.</subfield>
         <subfield code="t">De la Periode Classique à l'Antiquité Tardive.</subfield>
         <subfield code="t">Fonctions des Espaces des Niveaux Hellénistiques et Romains du Site de Porsuk /</subfield>
         <subfield code="r">Françoise Kirner --</subfield>
         <subfield code="t">Zeyve-Porsuk : Réflexion sur les Fouilles des Niveaux Hellénistiques et Romains à Partir de la Datation de la Nécropole /</subfield>
         <subfield code="r">Stéphane Lebreton --</subfield>
         <subfield code="t">Réflexions sur les Relations Entre la Cappadoce Méridionale et la Cilicie : les deux Kastabala et Artémis Pérasia /</subfield>
         <subfield code="r">Olivier Casabonne --</subfield>
      </datafield>
      <datafield tag="505" ind1="8" ind2="0">
         <subfield code="t">Beyond the Myth of the Cilician Gates : The Ancient Road Network of Central and Southern Cappadocia /</subfield>
         <subfield code="r">Jacopo Turchetto --</subfield>
         <subfield code="t">Significato e Ruolo Strategico-Culturale di Tyana in Cappadocia Tra Mito, Antonini e Selgiuchidi /</subfield>
         <subfield code="r">Guido Rosada, Maria Teresa Lachin --</subfield>
         <subfield code="t">Neue Grabstele aus dem Dorf Elemanli in Kappadokien /</subfield>
         <subfield code="r">Ferit Baz --</subfield>
         <subfield code="t">La Cappadoce et les Provinces d'Orient dans l'Antiquité Tardive (4e-7e Siècle PC) /</subfield>
         <subfield code="r">Sophie Métivier --</subfield>
         <subfield code="t">Tyana Bizantina : Circolazione e Tesaurizzazione Monetale /</subfield>
         <subfield code="r">Michele Asolati, Cristina Crisafulli.</subfield>
      </datafield>
      <datafield tag="650" ind1=" " ind2="0">
         <subfield code="a">Excavations (Archaeology)</subfield>
         <subfield code="z">Turkey</subfield>
         <subfield code="z">Cappadocia</subfield>
         <subfield code="v">Congresses.</subfield>
      </datafield>
      <datafield tag="651" ind1=" " ind2="0">
         <subfield code="a">Cappadocia (Turkey)</subfield>
         <subfield code="x">Antiquities, Byzantine</subfield>
         <subfield code="v">Congresses.</subfield>
      </datafield>
      <datafield tag="651" ind1=" " ind2="0">
         <subfield code="a">Cappadocia (Turkey)</subfield>
         <subfield code="x">Antiquities</subfield>
         <subfield code="v">Congresses.</subfield>
      </datafield>
      <datafield tag="700" ind1="1" ind2=" ">
         <subfield code="a">Beyer, Dominique,</subfield>
         <subfield code="e">editor.</subfield>
      </datafield>
      <datafield tag="700" ind1="1" ind2=" ">
         <subfield code="a">Henry, Olivier</subfield>
         <subfield code="c">(Archaeologist),</subfield>
         <subfield code="e">editor.</subfield>
      </datafield>
      <datafield tag="700" ind1="1" ind2=" ">
         <subfield code="a">Tibet, Aksel,</subfield>
         <subfield code="e">editor.</subfield>
      </datafield>
      <datafield tag="OWN" ind1=" " ind2=" ">
         <subfield code="a">GENERAL</subfield>
      </datafield>
      <datafield tag="AVA" ind1=" " ind2=" ">
         <subfield code="a">NYU50</subfield>
         <subfield code="b">NISAW</subfield>
         <subfield code="c">Large Collection</subfield>
         <subfield code="d">DS156.C3 R46 2015</subfield>
         <subfield code="e">available</subfield>
         <subfield code="t">Available</subfield>
         <subfield code="f">1</subfield>
         <subfield code="g">0</subfield>
         <subfield code="h">N</subfield>
         <subfield code="i">0</subfield>
         <subfield code="j">LARGE</subfield>
         <subfield code="k">0</subfield>
      </datafield>
      <marc:datafield tag="852" ind1=" " ind2=" ">
         <marc:subfield code="b">Institute for the Study of the Ancient World, </marc:subfield>
         <marc:subfield code="c">Large Collection</marc:subfield>
         <marc:subfield code="e">15 East 84th St., </marc:subfield>
         <marc:subfield code="e">New York, NY  10028</marc:subfield>
      </marc:datafield>
   </record>