
  
  
  
  
  
  
 
  
  <record xsi:schemaLocation="http://www.loc.gov/MARC21/slim http://www.loc.gov/standards/marcxml/schema/MARC21slim.xsd">
      <leader>00000cam a2200421 i 4500</leader>
      <controlfield tag="FMT">BK</controlfield>
      <controlfield tag="LDR">00000cam a2200421 i 4500</controlfield>
      <controlfield tag="001">004209122</controlfield>
      <controlfield tag="003">OCoLC</controlfield>
      <controlfield tag="005">20160622145527.0</controlfield>
      <controlfield tag="008">141110s2015    enkabde  b    001 0 eng d</controlfield>
      <datafield tag="010" ind1=" " ind2=" ">
         <subfield code="a">2014956588</subfield>
      </datafield>
      <datafield tag="020" ind1=" " ind2=" ">
         <subfield code="a">9780198724605 (hardback)</subfield>
      </datafield>
      <datafield tag="020" ind1=" " ind2=" ">
         <subfield code="a">0198724608 (hardback)</subfield>
      </datafield>
      <datafield tag="035" ind1="7" ind2=" ">
         <subfield code="a">ybp11404038</subfield>
      </datafield>
      <datafield tag="035" ind1=" " ind2=" ">
         <subfield code="a">(OCoLC)919895991</subfield>
      </datafield>
      <datafield tag="040" ind1=" " ind2=" ">
         <subfield code="a">NLE</subfield>
         <subfield code="b">eng</subfield>
         <subfield code="e">rda</subfield>
         <subfield code="c">NLE</subfield>
         <subfield code="d">YDXCP</subfield>
         <subfield code="d">CDX</subfield>
         <subfield code="d">NLGGC</subfield>
         <subfield code="d">OCLCO</subfield>
         <subfield code="d">OCLCF</subfield>
         <subfield code="d">KIJ</subfield>
         <subfield code="d">NNU</subfield>
      </datafield>
      <datafield tag="043" ind1=" " ind2=" ">
         <subfield code="a">e------</subfield>
      </datafield>
      <datafield tag="050" ind1=" " ind2="4">
         <subfield code="a">GN790</subfield>
         <subfield code="b">.L58 2015</subfield>
      </datafield>
      <datafield tag="082" ind1="0" ind2="4">
         <subfield code="a">936</subfield>
         <subfield code="2">23</subfield>
      </datafield>
      <datafield tag="245" ind1="0" ind2="4">
         <subfield code="a">The lives of prehistoric monuments in Iron Age, Roman and medieval Europe /</subfield>
         <subfield code="c">edited by Marta Díaz-Guardamino, Leonardo García Sanjuán, and David Wheatley.</subfield>
      </datafield>
      <datafield tag="264" ind1=" " ind2="1">
         <subfield code="a">Oxford :</subfield>
         <subfield code="b">Oxford University Press,</subfield>
         <subfield code="c">2015.</subfield>
      </datafield>
      <datafield tag="300" ind1=" " ind2=" ">
         <subfield code="a">xviii, 356 pages :</subfield>
         <subfield code="b">illustrations, maps, charts, plans ;</subfield>
         <subfield code="c">23 cm</subfield>
      </datafield>
      <datafield tag="336" ind1=" " ind2=" ">
         <subfield code="a">text</subfield>
         <subfield code="b">txt</subfield>
         <subfield code="2">rdacontent</subfield>
      </datafield>
      <datafield tag="337" ind1=" " ind2=" ">
         <subfield code="a">unmediated</subfield>
         <subfield code="b">n</subfield>
         <subfield code="2">rdamedia</subfield>
      </datafield>
      <datafield tag="338" ind1=" " ind2=" ">
         <subfield code="a">volume</subfield>
         <subfield code="b">nc</subfield>
         <subfield code="2">rdacarrier</subfield>
      </datafield>
      <datafield tag="504" ind1=" " ind2=" ">
         <subfield code="a">Includes bibliographical references and index.</subfield>
      </datafield>
      <datafield tag="500" ind1=" " ind2=" ">
         <subfield code="a">Outgrowth of a session at the 19th Annual Meeting of the European Association of Archaeologists (September 2013, Plzen, Czech Republic)</subfield>
      </datafield>
      <datafield tag="505" ind1="0" ind2="0">
         <subfield code="g">Part 1.</subfield>
         <subfield code="t">Introduction.</subfield>
         <subfield code="t">The Lives of Prehistoric Monuments in Iron Age, Roman, and Medieval Europe : An Introduction /</subfield>
         <subfield code="r">Marta Diaz-Guardamino, Leonardo Garcia Sanjuán, David Wheatley --</subfield>
         <subfield code="t">Before the Standing Stones : From Land Forms to Religious Attitudes and Monumentally /</subfield>
         <subfield code="r">Joyce E. Salisbury.</subfield>
         <subfield code="g">Part 2.</subfield>
         <subfield code="t">Case-studies.</subfield>
         <subfield code="t">Kings' Jelling : Monuments with Outstanding Biographies in the Heart of Denmark /</subfield>
         <subfield code="r">Steen Hvass --</subfield>
         <subfield code="t">Icons of Antiquity : Remaking Megalithic Monuments in Ireland /</subfield>
         <subfield code="r">Gabriel Cooney --</subfield>
         <subfield code="t">Beowulf and Archaeology : Megaliths Imagined and Encountered in Early Medieval Europe /</subfield>
         <subfield code="r">Howard Williams --</subfield>
         <subfield code="t">Myth, Memento, and Memory : Avebury (Wiltshire, England) /</subfield>
         <subfield code="r">David Wheatley --</subfield>
         <subfield code="t">Les Pierres de Mémoire : The Life History of Two Statue-Menhirs from Guernsey, Channel Islands /</subfield>
         <subfield code="r">Heather Sebire --</subfield>
         <subfield code="t">Back and Forward : Neolithic Standing Stones and Iron Age Stelae in French Brittany /</subfield>
         <subfield code="r">Luc Laporte, Marie-Yvane Daire, Gwenolé Kerdivel, Elias López-Romero --</subfield>
         <subfield code="t">Enduring Past : Megalithic Tombs of Brittany and the Roman Occupation in Western France /</subfield>
         <subfield code="r">Mara Vejby --</subfield>
         <subfield code="t">The Outstanding Biographies of Prehistoric Monuments in Iron Age, Roman, and Medieval Spain /</subfield>
         <subfield code="r">Leonardo García Sanjuán, Marta Díaz-Guardamino --</subfield>
         <subfield code="t">Megaliths and Holy Places in the Genesis of the Kingdom of Asturias (North of Spain, ad 718-910) /</subfield>
         <subfield code="r">Miguel Ángel de Blas Cortina --</subfield>
         <subfield code="t">Life and Death of Copper Age Monoliths at Ossimo Anvòia (Val Camonica, Italian Central Alps), 300 BC-AD 1950 /</subfield>
         <subfield code="r">Francesco G. Fedele --</subfield>
         <subfield code="t">Biography of a Hill : Novi Pazar in South-Western Serbia /</subfield>
         <subfield code="r">Staša Babić --</subfield>
         <subfield code="t">What Happens When Tombs Die? The Historical Appropriation of the Cretan Bronze Age Cemeteries /</subfield>
         <subfield code="r">Borja Legarra Herrero --</subfield>
         <subfield code="t">Roman Dolmens? The Megalithic Necropolises of Eastern Maghreb Revisited /</subfield>
         <subfield code="r">Joan Sanmartí [and 12 others].</subfield>
      </datafield>
      <datafield tag="505" ind1="8" ind2="0">
         <subfield code="g">Part III.</subfield>
         <subfield code="t">Recapitulation and Conclusions.</subfield>
         <subfield code="t">The Plot Against the Past : Reuse and Modification of Ancient Mortuary Monuments as Persuasive Efforts of Appropriation /</subfield>
         <subfield code="r">Estella Weiss-Krejci --</subfield>
         <subfield code="t">Piecing Together a Past /</subfield>
         <subfield code="r">Richard Bradley.</subfield>
      </datafield>
      <datafield tag="650" ind1=" " ind2="0">
         <subfield code="a">Megalithic monuments</subfield>
         <subfield code="z">Europe.</subfield>
      </datafield>
      <datafield tag="650" ind1=" " ind2="0">
         <subfield code="a">Dolmens</subfield>
         <subfield code="z">Europe.</subfield>
      </datafield>
      <datafield tag="700" ind1="1" ind2=" ">
         <subfield code="a">Díaz-Guardamino, Marta,</subfield>
         <subfield code="e">editor of compilation.</subfield>
      </datafield>
      <datafield tag="700" ind1="1" ind2=" ">
         <subfield code="a">García Sanjuán, Leonardo,</subfield>
         <subfield code="e">editor of compilation.</subfield>
      </datafield>
      <datafield tag="700" ind1="1" ind2=" ">
         <subfield code="a">Wheatley, David,</subfield>
         <subfield code="e">editor of compilation.</subfield>
      </datafield>
      <datafield tag="OWN" ind1=" " ind2=" ">
         <subfield code="a">GENERAL</subfield>
      </datafield>
      <datafield tag="AVA" ind1=" " ind2=" ">
         <subfield code="a">NYU50</subfield>
         <subfield code="b">NISAW</subfield>
         <subfield code="c">Small Collection</subfield>
         <subfield code="d">GN790 .L58 2015</subfield>
         <subfield code="e">available</subfield>
         <subfield code="t">Available</subfield>
         <subfield code="f">1</subfield>
         <subfield code="g">0</subfield>
         <subfield code="h">N</subfield>
         <subfield code="i">0</subfield>
         <subfield code="j">SMALL</subfield>
         <subfield code="k">0</subfield>
      </datafield>
      <marc:datafield tag="852" ind1=" " ind2=" ">
         <marc:subfield code="b">Institute for the Study of the Ancient World, </marc:subfield>
         <marc:subfield code="c">Small Collection</marc:subfield>
         <marc:subfield code="e">15 East 84th St., </marc:subfield>
         <marc:subfield code="e">New York, NY  10028</marc:subfield>
      </marc:datafield>
      <datafield tag="AVA" ind1=" " ind2=" ">
         <subfield code="a">NYU51</subfield>
         <subfield code="b">NABUD</subfield>
         <subfield code="c">Main Collection</subfield>
         <subfield code="d">GN790 .L58 2015</subfield>
         <subfield code="e">available</subfield>
         <subfield code="t">Available</subfield>
         <subfield code="f">1</subfield>
         <subfield code="g">0</subfield>
         <subfield code="h">N</subfield>
         <subfield code="i">0</subfield>
         <subfield code="j">MAIN</subfield>
         <subfield code="k">0</subfield>
      </datafield>
   </record>