
  
  
  
  
  
  
  
  
 
  
  <record xsi:schemaLocation="http://www.loc.gov/MARC21/slim http://www.loc.gov/standards/marcxml/schema/MARC21slim.xsd">
      <leader>00000cam a22007214a 4500</leader>
      <controlfield tag="FMT">BK</controlfield>
      <controlfield tag="LDR">00000cam a22007214a 4500</controlfield>
      <controlfield tag="001">004315606</controlfield>
      <controlfield tag="003">OCoLC</controlfield>
      <controlfield tag="005">20160621165425.0</controlfield>
      <controlfield tag="008">160609s2008    it a     b    010 0 ita d</controlfield>
      <datafield tag="010" ind1=" " ind2=" ">
         <subfield code="a">2008362113</subfield>
      </datafield>
      <datafield tag="020" ind1=" " ind2=" ">
         <subfield code="a">9788884204868</subfield>
      </datafield>
      <datafield tag="020" ind1=" " ind2=" ">
         <subfield code="a">8884204860</subfield>
      </datafield>
      <datafield tag="035" ind1=" " ind2=" ">
         <subfield code="a">(OCoLC)272562232</subfield>
      </datafield>
      <datafield tag="040" ind1=" " ind2=" ">
         <subfield code="a">ItFiC</subfield>
         <subfield code="b">eng</subfield>
         <subfield code="c">C3L</subfield>
         <subfield code="d">DLC</subfield>
         <subfield code="d">GEBAY</subfield>
         <subfield code="d">OCLCQ</subfield>
         <subfield code="d">ZCU</subfield>
         <subfield code="d">OCLCF</subfield>
         <subfield code="d">OCLCO</subfield>
         <subfield code="d">OCLCQ</subfield>
         <subfield code="d">DEBBG</subfield>
         <subfield code="d">OCLCO</subfield>
      </datafield>
      <datafield tag="042" ind1=" " ind2=" ">
         <subfield code="a">lccopycat</subfield>
      </datafield>
      <datafield tag="043" ind1=" " ind2=" ">
         <subfield code="a">e-it---</subfield>
         <subfield code="a">e-gr---</subfield>
      </datafield>
      <datafield tag="045" ind1=" " ind2=" ">
         <subfield code="a">d4i-</subfield>
         <subfield code="a">j0n9</subfield>
         <subfield code="a">o0s9</subfield>
         <subfield code="a">t0u9</subfield>
      </datafield>
      <datafield tag="050" ind1="0" ind2="0">
         <subfield code="a">PA3003</subfield>
         <subfield code="b">.S83 2008</subfield>
      </datafield>
      <datafield tag="082" ind1="0" ind2="4">
         <subfield code="a">880</subfield>
         <subfield code="2">21</subfield>
      </datafield>
      <datafield tag="084" ind1=" " ind2=" ">
         <subfield code="a">6,12</subfield>
         <subfield code="2">ssgn</subfield>
      </datafield>
      <datafield tag="084" ind1=" " ind2=" ">
         <subfield code="a">FB 1875</subfield>
         <subfield code="2">rvk</subfield>
      </datafield>
      <datafield tag="245" ind1="0" ind2="0">
         <subfield code="a">Suave mari magno-- :</subfield>
         <subfield code="b">studi offerti dai colleghi udinesi a Ernesto Berti /</subfield>
         <subfield code="c">a cura di Claudio Griggio e Fabio Vendruscolo.</subfield>
      </datafield>
      <datafield tag="260" ind1=" " ind2=" ">
         <subfield code="a">Udine :</subfield>
         <subfield code="b">Forum,</subfield>
         <subfield code="c">©2008.</subfield>
      </datafield>
      <datafield tag="300" ind1=" " ind2=" ">
         <subfield code="a">252 pages :</subfield>
         <subfield code="b">illustrations ;</subfield>
         <subfield code="c">24 cm</subfield>
      </datafield>
      <datafield tag="336" ind1=" " ind2=" ">
         <subfield code="a">text</subfield>
         <subfield code="b">txt</subfield>
         <subfield code="2">rdacontent</subfield>
      </datafield>
      <datafield tag="337" ind1=" " ind2=" ">
         <subfield code="a">unmediated</subfield>
         <subfield code="b">n</subfield>
         <subfield code="2">rdamedia</subfield>
      </datafield>
      <datafield tag="338" ind1=" " ind2=" ">
         <subfield code="a">volume</subfield>
         <subfield code="b">nc</subfield>
         <subfield code="2">rdacarrier</subfield>
      </datafield>
      <datafield tag="504" ind1=" " ind2=" ">
         <subfield code="a">Includes bibliographical references.</subfield>
      </datafield>
      <datafield tag="505" ind1="0" ind2="0">
         <subfield code="t">Premessa /</subfield>
         <subfield code="r">Caterina Furlan --</subfield>
         <subfield code="t">Ernesto Berti: bibliografia scelta --</subfield>
         <subfield code="t">Ernesto Berti: un profilo /</subfield>
         <subfield code="r">Antonio Carlini --</subfield>
         <subfield code="t">Il 'dossier di Thermuthas': ipotesi per la ricostruzione di una vicenda familiare nell'Arsinoites dell'età di Traiano /</subfield>
         <subfield code="r">Giuseppina Azzarello --</subfield>
         <subfield code="t">"Non tibi proderit hec eruditio" : La versione latina degli Acta greci del discepolo Tito /</subfield>
         <subfield code="r">Paolo Chiesa --</subfield>
         <subfield code="t">La zampa cornuta dell'asino morto. Il più enigmatico enigma di Cleobulina (fr. 3 West²) /</subfield>
         <subfield code="r">Elena Fabbro --</subfield>
         <subfield code="t">(Pen)ultime lettere inedite di Giovanni Pontano /</subfield>
         <subfield code="r">Bruno Figliuolo --</subfield>
         <subfield code="t">Tetrastici popolareggianti in Friuli fra Tre e Quattrocentro /</subfield>
         <subfield code="r">Vittorio Formentin --</subfield>
         <subfield code="t">A proposito di due presunte lacune nel libro VI delle Argonautiche di Valerio Flacco /</subfield>
         <subfield code="r">Marco Fucecchi --</subfield>
         <subfield code="t">Juan de Valdés, Francesco Alunno e una enigmatica immagine: l'insegna di Marcantonio Magno /</subfield>
         <subfield code="r">Mino Gabrielle --</subfield>
         <subfield code="t">Postilla sul codice Marc. Gr. IV 53 : un Aristotele di Crisolora, Roberto de' Rossi, Francesco ed Ermolao Barbaro /</subfield>
         <subfield code="r">Claudio Griggio --</subfield>
         <subfield code="t">Estratti da eunapio non identificati /</subfield>
         <subfield code="r">Augusto Guida --</subfield>
         <subfield code="t">Per la storia bibliografica de Le cose volgari et latine di Agostino Beaziano /</subfield>
         <subfield code="r">Neil Harris --</subfield>
         <subfield code="t">P.Carlsb. 52, p. 4: dettagli /</subfield>
         <subfield code="r">Franco Maltomini --</subfield>
         <subfield code="t">Adele Lehr e il suo Contributo alla storia romana /</subfield>
         <subfield code="r">Arnaldo Marcone --</subfield>
         <subfield code="t">La prima stesura della Tebaide del Bentivoglio /</subfield>
         <subfield code="r">Renzo Rabboni --</subfield>
         <subfield code="t">Ancora un 'visto' di Francesco da Lucca in un codice greco utinense /</subfield>
         <subfield code="r">Fabrio Vendruscolo --</subfield>
         <subfield code="t">Note su due traduxioni unmanistiche del Gorgia /</subfield>
         <subfield code="r">Matteo Venier.</subfield>
      </datafield>
      <datafield tag="650" ind1=" " ind2="0">
         <subfield code="a">Classical literature</subfield>
         <subfield code="x">Criticism, Textual.</subfield>
      </datafield>
      <datafield tag="650" ind1=" " ind2="0">
         <subfield code="a">Literature, Medieval</subfield>
         <subfield code="x">Criticism, Textual.</subfield>
      </datafield>
      <datafield tag="700" ind1="1" ind2=" ">
         <subfield code="a">Griggio, Claudio.</subfield>
      </datafield>
      <datafield tag="700" ind1="1" ind2=" ">
         <subfield code="a">Vendruscolo, Fabio.</subfield>
      </datafield>
      <datafield tag="700" ind1="1" ind2=" ">
         <subfield code="a">Berti, Ernesto.</subfield>
      </datafield>
      <datafield tag="856" ind1="4" ind2="1">
         <subfield code="3">Table of contents</subfield>
         <subfield code="u">http://catdir.loc.gov/catdir/toc/casalini08/08675449.pdf</subfield>
      </datafield>
      <datafield tag="856" ind1="4" ind2="2">
         <subfield code="3">TOC</subfield>
         <subfield code="u">http://www.ilibri.casalini.it/toc/08675449.pdf</subfield>
      </datafield>
      <datafield tag="856" ind1=" " ind2=" ">
         <subfield code="u">http://bvbr.bib-bvb.de:8991/F?func=service&amp;doc_library=BVB01&amp;local_base=BVB01&amp;doc_number=017094721&amp;line_number=0001&amp;func_code=DB_RECORDS&amp;service_type=MEDIA</subfield>
         <subfield code="z">Inhaltsverzeichnis</subfield>
      </datafield>
      <datafield tag="OWN" ind1=" " ind2=" ">
         <subfield code="a">GENERAL</subfield>
      </datafield>
      <datafield tag="AVA" ind1=" " ind2=" ">
         <subfield code="a">NYU50</subfield>
         <subfield code="b">NISAW</subfield>
         <subfield code="c">Small Collection</subfield>
         <subfield code="d">PA3003 .S83 2008</subfield>
         <subfield code="e">available</subfield>
         <subfield code="t">Available</subfield>
         <subfield code="f">1</subfield>
         <subfield code="g">0</subfield>
         <subfield code="h">N</subfield>
         <subfield code="i">0</subfield>
         <subfield code="j">SMALL</subfield>
         <subfield code="k">0</subfield>
      </datafield>
      <marc:datafield tag="852" ind1=" " ind2=" ">
         <marc:subfield code="b">Institute for the Study of the Ancient World, </marc:subfield>
         <marc:subfield code="c">Small Collection</marc:subfield>
         <marc:subfield code="e">15 East 84th St., </marc:subfield>
         <marc:subfield code="e">New York, NY  10028</marc:subfield>
      </marc:datafield>
   </record>