
  
  
  
  
  
  
  
 
  
  <record xsi:schemaLocation="http://www.loc.gov/MARC21/slim http://www.loc.gov/standards/marcxml/schema/MARC21slim.xsd">
      <leader>00000nam a2200397 i 4500</leader>
      <controlfield tag="FMT">BK</controlfield>
      <controlfield tag="LDR">00000nam a2200397 i 4500</controlfield>
      <controlfield tag="001">004316209</controlfield>
      <controlfield tag="003">OCoLC</controlfield>
      <controlfield tag="005">20160613134041.0</controlfield>
      <controlfield tag="008">160613s2015    fr ab    b    000 0 fre d</controlfield>
      <datafield tag="020" ind1=" " ind2=" ">
         <subfield code="a">9782868209115</subfield>
      </datafield>
      <datafield tag="020" ind1=" " ind2=" ">
         <subfield code="a">2868209114</subfield>
      </datafield>
      <datafield tag="035" ind1=" " ind2=" ">
         <subfield code="a">(OCoLC)951626543</subfield>
      </datafield>
      <datafield tag="040" ind1=" " ind2=" ">
         <subfield code="a">ZYU</subfield>
         <subfield code="c">ZYU</subfield>
      </datafield>
      <datafield tag="041" ind1="0" ind2=" ">
         <subfield code="a">fre</subfield>
         <subfield code="a">eng</subfield>
         <subfield code="b">eng</subfield>
      </datafield>
      <datafield tag="043" ind1=" " ind2=" ">
         <subfield code="a">e-gr---</subfield>
      </datafield>
      <datafield tag="050" ind1=" " ind2="4">
         <subfield code="a">DF82</subfield>
         <subfield code="b">.R69 2015</subfield>
      </datafield>
      <datafield tag="245" ind1="0" ind2="3">
         <subfield code="a">La royauté dans la Grèce antique /</subfield>
         <subfield code="c">rédaction, Edmond Lévy, Dominique Beyer et Gérard Freyburger.</subfield>
      </datafield>
      <datafield tag="264" ind1=" " ind2="1">
         <subfield code="a">Strasbourg :</subfield>
         <subfield code="b">Presses universitaires de Strasbourg,</subfield>
         <subfield code="c">2015.</subfield>
      </datafield>
      <datafield tag="300" ind1=" " ind2=" ">
         <subfield code="a">277 pages :</subfield>
         <subfield code="b">color illustrations, black-and-white map ;</subfield>
         <subfield code="c">25 cm.</subfield>
      </datafield>
      <datafield tag="336" ind1=" " ind2=" ">
         <subfield code="a">text</subfield>
         <subfield code="b">txt</subfield>
         <subfield code="2">rdacontent</subfield>
      </datafield>
      <datafield tag="337" ind1=" " ind2=" ">
         <subfield code="a">unmediated</subfield>
         <subfield code="b">n</subfield>
         <subfield code="2">rdamedia</subfield>
      </datafield>
      <datafield tag="337" ind1=" " ind2=" ">
         <subfield code="a">volume</subfield>
         <subfield code="b">n</subfield>
         <subfield code="2">isbdmedia</subfield>
      </datafield>
      <datafield tag="490" ind1="1" ind2=" ">
         <subfield code="a">Ktè̀ma,</subfield>
         <subfield code="x">0221-5896 ;</subfield>
         <subfield code="v">no 40</subfield>
      </datafield>
      <datafield tag="500" ind1=" " ind2=" ">
         <subfield code="a">Title from cover.</subfield>
      </datafield>
      <datafield tag="504" ind1=" " ind2=" ">
         <subfield code="a">Includes bibliographic references.</subfield>
      </datafield>
      <datafield tag="546" ind1=" " ind2=" ">
         <subfield code="a">Contributions in French or English; abstracts in French and English.</subfield>
      </datafield>
      <datafield tag="505" ind1="0" ind2="0">
         <subfield code="t">In memoriam Pierre Carlier (31/1/1949-25/7/2011) /</subfield>
         <subfield code="r">Edmond Lévy --</subfield>
         <subfield code="t">In memoriam Nikos Birgalias (15/10/1960-10/01/2015) /</subfield>
         <subfield code="r">Nicolas Richer --</subfield>
         <subfield code="t">Naming the Argeads /</subfield>
         <subfield code="r">Selene E. Psoma --</subfield>
         <subfield code="t">The king's household, royal gifts and international trade in the Amarna age /</subfield>
         <subfield code="r">Konstantinos Kopania --</subfield>
         <subfield code="t">Le vocabulaire de la royauté : anex et basileus dans l'Iliade et l'Odyssée /</subfield>
         <subfield code="r">Edmond Lévy --</subfield>
         <subfield code="t">"Mais pourquoi toujours des bergers?" Le roi homérique "pasteur d'hommes" /</subfield>
         <subfield code="r">Marie-Joséphine Werlings --</subfield>
         <subfield code="t">La royauté à Chypre avant Alexandre /</subfield>
         <subfield code="r">Claude Baurain --</subfield>
         <subfield code="t">Fondement théorique de la royauté au IVe siècle /</subfield>
         <subfield code="r">Nikos Birgalias --</subfield>
         <subfield code="t">Harmozein kai diallassein : établir l'harmonie, régler la concorde : Privilèges et droits de la royauté au IVe siècle av. J.-C. /</subfield>
         <subfield code="r">Giovanna Daverio Rocchi --</subfield>
         <subfield code="t">Du roi idéal des théoriciens au souverain hellénistique /</subfield>
         <subfield code="r">Claude Mossé --</subfield>
         <subfield code="t">Military organization and one-man rule in the Greek polis /</subfield>
         <subfield code="r">Edward M. Harris --</subfield>
      </datafield>
      <datafield tag="505" ind1="0" ind2="0">
         <subfield code="9"/>
         <subfield code="t">The institution of kingship in Aeschylus' tragedies : terminology and historicity /</subfield>
         <subfield code="r">Polyvia Parara --</subfield>
         <subfield code="t">Tyrannie et royauté dans l'Oedipe à Colone de Sophocle /</subfield>
         <subfield code="r">Paul Demont --</subfield>
         <subfield code="t">La monarchie dans le Tripolitique d'Hérodote (III, 82) /</subfield>
         <subfield code="r">Cinzia Bearzot --</subfield>
         <subfield code="t">La royauté chez Démosthène /</subfield>
         <subfield code="r">Elisabetta Bianco --</subfield>
         <subfield code="t">Aspects du vocabulaire royal dans les discours politiques d'Isocrate /</subfield>
         <subfield code="r">Christian Bouchet --</subfield>
         <subfield code="t">Isocrate et quelques considérations sur la royauté grecque et chypriote /</subfield>
         <subfield code="r">Silvio Cataldi --</subfield>
         <subfield code="t">Kings of Elis, kings of Olympia /</subfield>
         <subfield code="r">James Roy --</subfield>
         <subfield code="t">L'archonte-roi : une particularité athenienne /</subfield>
         <subfield code="r">Alexandra Bartzoka --</subfield>
         <subfield code="t">Athènes face à la royauté hellénistique : la polis, l'avantage et la réduction du dommage /</subfield>
         <subfield code="r">Gianluca Cuniberti --</subfield>
         <subfield code="t">Experimenting Basileia : princely models and the tyrants of Sicily /</subfield>
         <subfield code="r">Flavia Frisone --</subfield>
         <subfield code="t">Royauté et tyrannie dans la pensée de Xénophon : remarques à partir d'une étude de Pierre Carlier /</subfield>
         <subfield code="r">Mélina Tamiolaki --</subfield>
      </datafield>
      <datafield tag="505" ind1="0" ind2="0">
         <subfield code="9"/>
         <subfield code="t">Basileis et dynastes dans les communautés grecques et non grecques du Golfe de Tarente /</subfield>
         <subfield code="r">Mario Lombardo --</subfield>
         <subfield code="t">Le Basileion d'Oria? Découvertes récentes sur l'acropole du centre messapien /</subfield>
         <subfield code="r">Maria Teresa Giannotta --</subfield>
         <subfield code="t">Démarate : un roi bâtard /</subfield>
         <subfield code="r">Ménélaos Christopoulos --</subfield>
         <subfield code="t">Pausanias Regent for Pleistarchos : from the Hellenic to the Delian League /</subfield>
         <subfield code="r">Anne Ramou-Hapsiadi --</subfield>
         <subfield code="t">L'exercice du pouvoir royal : Agésilas, Cynisca et les exploits olympiques /</subfield>
         <subfield code="r">Annalisa Paradiso --</subfield>
         <subfield code="t">Léonidas II : la royauté hellénistique à Sparte /</subfield>
         <subfield code="r">Jacqueline Christien --</subfield>
         <subfield code="t">Remarques sur Poséidon et les rois de Sparte /</subfield>
         <subfield code="r">Nicolas Richer --</subfield>
         <subfield code="t">Réflexions sur les relations entre Romains et gymnases(s) grec(s) /</subfield>
         <subfield code="r">Paul Ernst.</subfield>
      </datafield>
      <datafield tag="650" ind1=" " ind2="0">
         <subfield code="a">Kings and rulers, Ancient.</subfield>
      </datafield>
      <datafield tag="651" ind1=" " ind2="0">
         <subfield code="a">Greece</subfield>
         <subfield code="x">Politics and government</subfield>
         <subfield code="y">To 146 B.C.</subfield>
      </datafield>
      <datafield tag="651" ind1=" " ind2="0">
         <subfield code="a">Greece</subfield>
         <subfield code="x">Kings and rulers.</subfield>
      </datafield>
      <datafield tag="700" ind1="1" ind2=" ">
         <subfield code="a">Lévy, Edmond,</subfield>
         <subfield code="e">editor.</subfield>
      </datafield>
      <datafield tag="700" ind1="1" ind2=" ">
         <subfield code="a">Beyer, Dominique,</subfield>
         <subfield code="e">editor.</subfield>
      </datafield>
      <datafield tag="700" ind1="1" ind2=" ">
         <subfield code="a">Freyburger, Gérard,</subfield>
         <subfield code="e">editor.</subfield>
      </datafield>
      <datafield tag="830" ind1=" " ind2="0">
         <subfield code="a">Ktèma ;</subfield>
         <subfield code="v">no 40.</subfield>
      </datafield>
      <datafield tag="994" ind1=" " ind2=" ">
         <subfield code="a">Z0</subfield>
         <subfield code="b">ZYU</subfield>
      </datafield>
      <datafield tag="OWN" ind1=" " ind2=" ">
         <subfield code="a">GENERAL</subfield>
      </datafield>
      <datafield tag="AVA" ind1=" " ind2=" ">
         <subfield code="a">NYU50</subfield>
         <subfield code="b">NISAW</subfield>
         <subfield code="c">Small Collection</subfield>
         <subfield code="d">DF82 .R69 2015</subfield>
         <subfield code="e">available</subfield>
         <subfield code="t">Available</subfield>
         <subfield code="f">1</subfield>
         <subfield code="g">0</subfield>
         <subfield code="h">N</subfield>
         <subfield code="i">0</subfield>
         <subfield code="j">SMALL</subfield>
         <subfield code="k">0</subfield>
      </datafield>
      <marc:datafield tag="852" ind1=" " ind2=" ">
         <marc:subfield code="b">Institute for the Study of the Ancient World, </marc:subfield>
         <marc:subfield code="c">Small Collection</marc:subfield>
         <marc:subfield code="e">15 East 84th St., </marc:subfield>
         <marc:subfield code="e">New York, NY  10028</marc:subfield>
      </marc:datafield>
   </record>