
  
  
  
  
  
 
  
  <record xsi:schemaLocation="http://www.loc.gov/MARC21/slim http://www.loc.gov/standards/marcxml/schema/MARC21slim.xsd">
      <leader>00000nam a2200349 i 4500</leader>
      <controlfield tag="FMT">BK</controlfield>
      <controlfield tag="LDR">00000nam a2200349 i 4500</controlfield>
      <controlfield tag="001">004316206</controlfield>
      <controlfield tag="003">OCoLC</controlfield>
      <controlfield tag="005">20160613130548.0</controlfield>
      <controlfield tag="008">160613s2013    fr ab    b    000 0 fre d</controlfield>
      <datafield tag="020" ind1=" " ind2=" ">
         <subfield code="a">9782868205582</subfield>
      </datafield>
      <datafield tag="020" ind1=" " ind2=" ">
         <subfield code="a">2868205585</subfield>
      </datafield>
      <datafield tag="020" ind1=" " ind2=" ">
         <subfield code="z">97828685582</subfield>
      </datafield>
      <datafield tag="035" ind1=" " ind2=" ">
         <subfield code="a">(OCoLC)951624940</subfield>
      </datafield>
      <datafield tag="040" ind1=" " ind2=" ">
         <subfield code="a">ZYU</subfield>
         <subfield code="c">ZYU</subfield>
      </datafield>
      <datafield tag="041" ind1="0" ind2=" ">
         <subfield code="a">fre</subfield>
         <subfield code="a">eng</subfield>
         <subfield code="a">ger</subfield>
         <subfield code="a">spa</subfield>
      </datafield>
      <datafield tag="043" ind1=" " ind2=" ">
         <subfield code="a">e-gr---</subfield>
      </datafield>
      <datafield tag="050" ind1=" " ind2="4">
         <subfield code="a">HC37</subfield>
         <subfield code="b">.Q84 2013</subfield>
      </datafield>
      <datafield tag="245" ind1="0" ind2="3">
         <subfield code="a">La question des pauvres et de la pauvreté dans le monde grec /</subfield>
         <subfield code="c">rédaction, Edmond Lévy, Dominique Beyer et Gérard Freyburger.</subfield>
      </datafield>
      <datafield tag="264" ind1=" " ind2="1">
         <subfield code="a">Strasbourg :</subfield>
         <subfield code="b">Université de Strasbourg,</subfield>
         <subfield code="c">2013.</subfield>
      </datafield>
      <datafield tag="300" ind1=" " ind2=" ">
         <subfield code="a">383 pages :</subfield>
         <subfield code="b">black-and-white illustrations, black-and-white maps ;</subfield>
         <subfield code="c">25 cm.</subfield>
      </datafield>
      <datafield tag="336" ind1=" " ind2=" ">
         <subfield code="a">text</subfield>
         <subfield code="b">txt</subfield>
         <subfield code="2">rdacontent</subfield>
      </datafield>
      <datafield tag="337" ind1=" " ind2=" ">
         <subfield code="a">unmediated</subfield>
         <subfield code="b">n</subfield>
         <subfield code="2">rdamedia</subfield>
      </datafield>
      <datafield tag="338" ind1=" " ind2=" ">
         <subfield code="a">volume</subfield>
         <subfield code="b">nc</subfield>
         <subfield code="2">rdacarrier</subfield>
      </datafield>
      <datafield tag="490" ind1="1" ind2=" ">
         <subfield code="a">Ktèma,</subfield>
         <subfield code="x">0221-5896 ;</subfield>
         <subfield code="v">no 38</subfield>
      </datafield>
      <datafield tag="504" ind1=" " ind2=" ">
         <subfield code="a">Includes bibliographic references.</subfield>
      </datafield>
      <datafield tag="505" ind1="0" ind2="0">
         <subfield code="t">La question des pauvres et de la pauvreté dans le monde grec.</subfield>
         <subfield code="t">D'une condition social à un statut politique, les ambiguï̈tés du thète /</subfield>
         <subfield code="r">Anne Jacquemin --</subfield>
         <subfield code="t">Mendicité, déchéance et indignité sociale dans les cités grecques /</subfield>
         <subfield code="r">Jean-Manuel Roubineau --</subfield>
         <subfield code="t">Intégrés ou dénoncés : la place faite aux pauvres dans les discours grecs sur le démocratie /</subfield>
         <subfield code="r">Dominique Lenfant --</subfield>
         <subfield code="t">Poverty as argument in Athenian forensic speeches /</subfield>
         <subfield code="r">Lucia Cecchet --</subfield>
         <subfield code="t">Les "pauvres" comme composante du corps civique dans les poleis des époques hellénistique et impériale /</subfield>
         <subfield code="r">Cédric Brélaz --</subfield>
         <subfield code="t">La pauvreté dans la culture visuelle des Grecs anciens /</subfield>
         <subfield code="r">Marie-Christine Villaneuva Puig --</subfield>
         <subfield code="t">La visibilité des classes subalternes dans les sources archéologiques : considérations sur quelques cas d'étude en Grance Grèce /</subfield>
         <subfield code="r">Airton Pollini, Arianna Esposito.</subfield>
         <subfield code="t">Sparte.</subfield>
         <subfield code="t">Homoioi /</subfield>
         <subfield code="r">Jean Ducat --</subfield>
         <subfield code="t">Les pauvres à Sparte /</subfield>
         <subfield code="r">Edmond Lévy.</subfield>
         <subfield code="t">Remarques sur le IVe siècle avant J.-C.</subfield>
      </datafield>
      <datafield tag="505" ind1="0" ind2="0">
         <subfield code="9"/>
         <subfield code="t">Coups de force et coups d'État : les violences civiles chez Xénophon /</subfield>
         <subfield code="r">Michel Woronoff --</subfield>
         <subfield code="t">L'intolérable en temps de guerre chez les orateurs athéniens du IVe siècle avant notre ère /</subfield>
         <subfield code="r">Jeannine Boëldieu-Trevet --</subfield>
         <subfield code="t">Faire de l'histoire avec les inscriptions : la carrière politique de l'Athénien Phanodèmos /</subfield>
         <subfield code="r">Patrice Brun.</subfield>
         <subfield code="t">Varia.</subfield>
         <subfield code="t">Des usages du singe en Béotie : l'animalité entre discours et fonction /</subfield>
         <subfield code="r">Karin Mackowiak --</subfield>
         <subfield code="t">Le référence aux "Sept" dans les royaumes gréco-iraniens de l'époque hellénistique : la survivance d'un usage achéménide? /</subfield>
         <subfield code="r">Charlotte Lerouge-Cohen --</subfield>
         <subfield code="t">La réorganisation de la Crète après la bataille d'Actium : le rôle de M. Nonius Balbus, patron de province /</subfield>
         <subfield code="r">Sabine Lefebvre --</subfield>
         <subfield code="t">Res publica restituta : propagande antqiue, ou contresens moderne? /</subfield>
         <subfield code="r">Emmanuel Lyasse --</subfield>
         <subfield code="t">Prêtresse et archē en Attique : une aporie? Un règlement de l'époque impériale /</subfield>
         <subfield code="r">Marie Augier --</subfield>
      </datafield>
      <datafield tag="505" ind1="0" ind2="0">
         <subfield code="9"/>
         <subfield code="t">Floridi vs austeri au livre XXXV de l'Histoire naturelle /</subfield>
         <subfield code="r">Monique Halm-Tisserant --</subfield>
         <subfield code="t">Pausanias' mental maps und die Polis : 10.4.1 in context /</subfield>
         <subfield code="r">Elena Franchi --</subfield>
         <subfield code="t">Le triomphe de Sévère Alexandre /</subfield>
         <subfield code="r">Cécile Bertrand-Dagenbach --</subfield>
         <subfield code="t">Libanios et Thémistios : le rhéteur et le philosophe /</subfield>
         <subfield code="r">Bernadette Cabouret --</subfield>
         <subfield code="t">"Hepekeina tēs ousias" : une formule platonicienne chez Numénius et Alcinoos? /</subfield>
         <subfield code="r">Sylvain Roux --</subfield>
         <subfield code="t">El legado de Anfiarao en Acarnania y Anfiloquia /</subfield>
         <subfield code="r">César Sierra Martín.</subfield>
      </datafield>
      <datafield tag="546" ind1=" " ind2=" ">
         <subfield code="a">French, one contribution each in English, German, and Spanish.</subfield>
      </datafield>
      <datafield tag="650" ind1=" " ind2="0">
         <subfield code="a">Poverty</subfield>
         <subfield code="z">Greece</subfield>
         <subfield code="x">History.</subfield>
      </datafield>
      <datafield tag="651" ind1=" " ind2="0">
         <subfield code="a">Greece</subfield>
         <subfield code="x">Economic conditions</subfield>
         <subfield code="y">To 146 B.C.</subfield>
      </datafield>
      <datafield tag="700" ind1="1" ind2=" ">
         <subfield code="a">Lévy, Edmond,</subfield>
         <subfield code="e">editor.</subfield>
      </datafield>
      <datafield tag="700" ind1="1" ind2=" ">
         <subfield code="a">Beyer, Dominique,</subfield>
         <subfield code="e">editor.</subfield>
      </datafield>
      <datafield tag="700" ind1="1" ind2=" ">
         <subfield code="a">Freyburger, Gérard,</subfield>
         <subfield code="e">editor.</subfield>
      </datafield>
      <datafield tag="830" ind1=" " ind2="0">
         <subfield code="a">Ktèma ;</subfield>
         <subfield code="v">no 38.</subfield>
      </datafield>
      <datafield tag="994" ind1=" " ind2=" ">
         <subfield code="a">Z0</subfield>
         <subfield code="b">ZYU</subfield>
      </datafield>
      <datafield tag="OWN" ind1=" " ind2=" ">
         <subfield code="a">GENERAL</subfield>
      </datafield>
      <datafield tag="AVA" ind1=" " ind2=" ">
         <subfield code="a">NYU50</subfield>
         <subfield code="b">NISAW</subfield>
         <subfield code="c">Small Collection</subfield>
         <subfield code="d">HC37 .Q84 2013</subfield>
         <subfield code="e">available</subfield>
         <subfield code="t">Available</subfield>
         <subfield code="f">1</subfield>
         <subfield code="g">0</subfield>
         <subfield code="h">N</subfield>
         <subfield code="i">0</subfield>
         <subfield code="j">SMALL</subfield>
         <subfield code="k">0</subfield>
      </datafield>
      <marc:datafield tag="852" ind1=" " ind2=" ">
         <marc:subfield code="b">Institute for the Study of the Ancient World, </marc:subfield>
         <marc:subfield code="c">Small Collection</marc:subfield>
         <marc:subfield code="e">15 East 84th St., </marc:subfield>
         <marc:subfield code="e">New York, NY  10028</marc:subfield>
      </marc:datafield>
   </record>