
  
  
  
  
  
 
  
  <record xsi:schemaLocation="http://www.loc.gov/MARC21/slim http://www.loc.gov/standards/marcxml/schema/MARC21slim.xsd">
      <leader>00000nam a2200421Ii 4500</leader>
      <controlfield tag="FMT">BK</controlfield>
      <controlfield tag="LDR">00000nam a2200421Ii 4500</controlfield>
      <controlfield tag="001">004316411</controlfield>
      <controlfield tag="003">OCoLC</controlfield>
      <controlfield tag="005">20160622145048.0</controlfield>
      <controlfield tag="008">160614s2016    ua abe   b    100 0 fre d</controlfield>
      <datafield tag="020" ind1=" " ind2=" ">
         <subfield code="a">9782724706703</subfield>
         <subfield code="q">(paperback)</subfield>
      </datafield>
      <datafield tag="020" ind1=" " ind2=" ">
         <subfield code="a">2724706706</subfield>
         <subfield code="q">(paperback)</subfield>
      </datafield>
      <datafield tag="035" ind1=" " ind2=" ">
         <subfield code="a">(OCoLC)948953159</subfield>
      </datafield>
      <datafield tag="040" ind1=" " ind2=" ">
         <subfield code="a">MEAUC</subfield>
         <subfield code="b">eng</subfield>
         <subfield code="c">MEAUC</subfield>
         <subfield code="e">rda</subfield>
         <subfield code="d">NNU</subfield>
      </datafield>
      <datafield tag="041" ind1="0" ind2=" ">
         <subfield code="a">fre</subfield>
         <subfield code="a">ara</subfield>
         <subfield code="a">eng</subfield>
      </datafield>
      <datafield tag="043" ind1=" " ind2=" ">
         <subfield code="a">f-ua---</subfield>
      </datafield>
      <datafield tag="050" ind1=" " ind2="4">
         <subfield code="a">DT49.9</subfield>
         <subfield code="b">D43 2016</subfield>
      </datafield>
      <datafield tag="245" ind1="0" ind2="0">
         <subfield code="a">Décrire, imaginer, construire l’espace :</subfield>
         <subfield code="b">toponymie Égyptienne de l’Antiquité au Moyen-Âge /</subfield>
         <subfield code="c">sous la direction de Sylvain Dhennin, Claire Somaglino.</subfield>
      </datafield>
      <datafield tag="246" ind1="3" ind2="0">
         <subfield code="a">Toponymie Égyptienne de l’Antiquité au Moyen-Âge</subfield>
      </datafield>
      <datafield tag="264" ind1=" " ind2="1">
         <subfield code="a">Le Caire :</subfield>
         <subfield code="b">Institut Français d'Archéologie Orientale,</subfield>
         <subfield code="c">2016.</subfield>
      </datafield>
      <datafield tag="300" ind1=" " ind2=" ">
         <subfield code="a">xvi, 250 pages :</subfield>
         <subfield code="b">illustrations (some color), color maps, color plan ;</subfield>
         <subfield code="c">24 cm.</subfield>
      </datafield>
      <datafield tag="336" ind1=" " ind2=" ">
         <subfield code="a">text</subfield>
         <subfield code="b">txt</subfield>
         <subfield code="2">rdacontent</subfield>
      </datafield>
      <datafield tag="337" ind1=" " ind2=" ">
         <subfield code="a">unmediated</subfield>
         <subfield code="b">n</subfield>
         <subfield code="2">rdamedia</subfield>
      </datafield>
      <datafield tag="338" ind1=" " ind2=" ">
         <subfield code="a">volume</subfield>
         <subfield code="b">nc</subfield>
         <subfield code="2">rdacarrier</subfield>
      </datafield>
      <datafield tag="490" ind1="1" ind2=" ">
         <subfield code="a">IF ;</subfield>
         <subfield code="v">1115</subfield>
      </datafield>
      <datafield tag="490" ind1="1" ind2=" ">
         <subfield code="a">RAPH ;</subfield>
         <subfield code="v">39</subfield>
      </datafield>
      <datafield tag="500" ind1=" " ind2=" ">
         <subfield code="a">"This volume gathers thirteen contributions on place names in Ancient and Medieval Egypt. It is the publication of the proceedings of two conferences, held in the Ifao (2011) and the University of Paris-Sorbonne (2012), as part of the research programme "Toponymic Systems" of the Ifao"--page [4] of cover.</subfield>
      </datafield>
      <datafield tag="504" ind1=" " ind2=" ">
         <subfield code="a">Includes bibliographical references.</subfield>
      </datafield>
      <datafield tag="546" ind1=" " ind2=" ">
         <subfield code="a">Text in French with one contribution in Arabic and three contributions in English.</subfield>
      </datafield>
      <datafield tag="505" ind1="0" ind2="0">
         <subfield code="g">Avant-propos :</subfield>
         <subfield code="t">Identifier, mémoriser, éradiquer, ou comment organiser le monde en le nommant /</subfield>
         <subfield code="r">Sylvie Denoix --</subfield>
         <subfield code="t">Introduction /</subfield>
         <subfield code="r">Claire Somaglino, Sylvain Dhennin--</subfield>
         <subfield code="t">Un aperçu de la région Memphite à la fin du règne de Chéops selon le "journal de Merer" (P.Jarf I-III) /</subfield>
         <subfield code="r">Pierre Tallet --</subfield>
         <subfield code="t">Amenemhat-Itj-Taouy : Quelques réflexions sur la compréhension d'un toponyme /</subfield>
         <subfield code="r">David Lorand --</subfield>
         <subfield code="t">(Per-)Inbou, Per-Noubet et Onouphis : Une Question de toponymie /</subfield>
         <subfield code="r">Sylvain Dhennin --</subfield>
         <subfield code="t">Toponymie et listes : Un onomasticon fragmentaire de Basse Époque (P.BnF ms. Égyptien 245, 1-2) /</subfield>
         <subfield code="r">Chloé Ragazzoli --</subfield>
         <subfield code="t">À propos des mondes de dénomination de l'Égypte dan les textes ptolémaÏques : Le cas de Khetem /</subfield>
         <subfield code="r">Claire Somaglino --</subfield>
         <subfield code="t">Dual Zootoponyms in Ancient Egyptian /</subfield>
         <subfield code="r">Åke Engsheden --</subfield>
         <subfield code="t">Légendes et onomastique de la XVe province de Haute-Égypte d'après les sources ptolémaÏques et romaines /</subfield>
         <subfield code="r">Medini Lorenzo --</subfield>
         <subfield code="t">Village Names in Greco-Roman Egypt and in the Fayum /</subfield>
         <subfield code="r">Willy Clarysse --</subfield>
         <subfield code="t">Ptolemaïs-Named Settlements of Hellenistic Egypt : A Contextual Approach /</subfield>
         <subfield code="r">El-Sayed M. Gad --</subfield>
         <subfield code="t">Toponymie et idées antiques du paysage delatïque : Le cas du nome mendésien /</subfield>
         <subfield code="r">Katherine Blouin --</subfield>
         <subfield code="t">La localisation topographique de maisons et de terres /</subfield>
         <subfield code="r">Willy Clarysse --</subfield>
         <subfield code="t">Désigner et nommer en grec ou en copte? Bilinguisme toponymique de la campagne d'Aphroditê du VIe au VIIIe s /</subfield>
         <subfield code="r">Isabelle Marthot, Loreleï Vanderheyden --</subfield>
         <subfield code="t">[One contribution in Arabic] --</subfield>
         <subfield code="t">L'évolution de la toponymie égyptienne à l'époque médiévale (l'expemple du Fayyūm) /</subfield>
         <subfield code="r">[Omaïma Ḥasan al-Mahdī].</subfield>
      </datafield>
      <datafield tag="650" ind1=" " ind2="0">
         <subfield code="a">Names, Geographical</subfield>
         <subfield code="z">Egypt</subfield>
         <subfield code="v">Congresses.</subfield>
      </datafield>
      <datafield tag="650" ind1=" " ind2="0">
         <subfield code="a">Inscriptions, Egyptian</subfield>
         <subfield code="v">Congresses.</subfield>
      </datafield>
      <datafield tag="650" ind1=" " ind2="0">
         <subfield code="a">Toponymy</subfield>
         <subfield code="v">Congresses.</subfield>
      </datafield>
      <datafield tag="651" ind1=" " ind2="0">
         <subfield code="a">Egypt</subfield>
         <subfield code="x">Historical geography</subfield>
         <subfield code="v">Congresses.</subfield>
      </datafield>
      <datafield tag="700" ind1="1" ind2=" ">
         <subfield code="a">Dhennin, Sylvain,</subfield>
         <subfield code="e">editor.</subfield>
      </datafield>
      <datafield tag="700" ind1="1" ind2=" ">
         <subfield code="a">Somaglino, Claire,</subfield>
         <subfield code="e">editor.</subfield>
      </datafield>
      <datafield tag="830" ind1=" " ind2="0">
         <subfield code="a">Publications de l'Institut français d'archéologie orientale du Caire ;</subfield>
         <subfield code="v">1115.</subfield>
      </datafield>
      <datafield tag="830" ind1=" " ind2="0">
         <subfield code="a">Recherches d'archéologie, de philologie et d'histoire ;</subfield>
         <subfield code="v">39.</subfield>
      </datafield>
      <datafield tag="OWN" ind1=" " ind2=" ">
         <subfield code="a">GENERAL</subfield>
      </datafield>
      <datafield tag="AVA" ind1=" " ind2=" ">
         <subfield code="a">NYU50</subfield>
         <subfield code="b">NISAW</subfield>
         <subfield code="c">Small Collection</subfield>
         <subfield code="d">DT49.9 D43 2016</subfield>
         <subfield code="e">available</subfield>
         <subfield code="t">Available</subfield>
         <subfield code="f">1</subfield>
         <subfield code="g">0</subfield>
         <subfield code="h">N</subfield>
         <subfield code="i">0</subfield>
         <subfield code="j">SMALL</subfield>
         <subfield code="k">0</subfield>
      </datafield>
      <marc:datafield tag="852" ind1=" " ind2=" ">
         <marc:subfield code="b">Institute for the Study of the Ancient World, </marc:subfield>
         <marc:subfield code="c">Small Collection</marc:subfield>
         <marc:subfield code="e">15 East 84th St., </marc:subfield>
         <marc:subfield code="e">New York, NY  10028</marc:subfield>
      </marc:datafield>
      <datafield tag="AVA" ind1=" " ind2=" ">
         <subfield code="a">NYU51</subfield>
         <subfield code="b">NABUD</subfield>
         <subfield code="c">Main Collection</subfield>
         <subfield code="d">DT49.9 D43 2016</subfield>
         <subfield code="e">available</subfield>
         <subfield code="t">Available</subfield>
         <subfield code="f">1</subfield>
         <subfield code="g">0</subfield>
         <subfield code="h">N</subfield>
         <subfield code="i">0</subfield>
         <subfield code="j">MAIN</subfield>
         <subfield code="k">0</subfield>
      </datafield>
   </record>