
  
  
  
  
  
  
  
 
  
  <record xsi:schemaLocation="http://www.loc.gov/MARC21/slim http://www.loc.gov/standards/marcxml/schema/MARC21slim.xsd">
      <leader>00000cam a2200613 i 4500</leader>
      <controlfield tag="FMT">BK</controlfield>
      <controlfield tag="LDR">00000cam a2200613 i 4500</controlfield>
      <controlfield tag="001">004162393</controlfield>
      <controlfield tag="003">OCoLC</controlfield>
      <controlfield tag="005">20160615120421.0</controlfield>
      <controlfield tag="008">150420t20152015be       b    101 0 eng c</controlfield>
      <datafield tag="020" ind1=" " ind2=" ">
         <subfield code="a">9789042931558</subfield>
         <subfield code="q">(cl.)</subfield>
      </datafield>
      <datafield tag="020" ind1=" " ind2=" ">
         <subfield code="a">9042931558</subfield>
         <subfield code="q">(cl.)</subfield>
      </datafield>
      <datafield tag="024" ind1="3" ind2=" ">
         <subfield code="a">9789042931558</subfield>
      </datafield>
      <datafield tag="035" ind1="7" ind2=" ">
         <subfield code="a">ybp11276141</subfield>
      </datafield>
      <datafield tag="035" ind1=" " ind2=" ">
         <subfield code="a">(OCoLC)907668637</subfield>
         <subfield code="z">(OCoLC)895714469</subfield>
         <subfield code="z">(OCoLC)895730525</subfield>
      </datafield>
      <datafield tag="040" ind1=" " ind2=" ">
         <subfield code="a">OHX</subfield>
         <subfield code="b">eng</subfield>
         <subfield code="e">rda</subfield>
         <subfield code="c">OHX</subfield>
         <subfield code="d">OCLCO</subfield>
         <subfield code="d">ERASA</subfield>
         <subfield code="d">AZS</subfield>
         <subfield code="d">OCLCO</subfield>
         <subfield code="d">OCLCQ</subfield>
         <subfield code="d">YDXCP</subfield>
         <subfield code="d">BTCTA</subfield>
         <subfield code="d">OCLCQ</subfield>
         <subfield code="d">CDX</subfield>
         <subfield code="d">OCLCF</subfield>
         <subfield code="d">OCLCO</subfield>
         <subfield code="d">ICW</subfield>
         <subfield code="d">NNU</subfield>
      </datafield>
      <datafield tag="042" ind1=" " ind2=" ">
         <subfield code="a">pcc</subfield>
      </datafield>
      <datafield tag="043" ind1=" " ind2=" ">
         <subfield code="a">ff-----</subfield>
      </datafield>
      <datafield tag="050" ind1=" " ind2="4">
         <subfield code="a">BT1370</subfield>
         <subfield code="b">.U557 2015</subfield>
      </datafield>
      <datafield tag="072" ind1=" " ind2="7">
         <subfield code="a">BT</subfield>
         <subfield code="2">lcco</subfield>
      </datafield>
      <datafield tag="072" ind1=" " ind2="7">
         <subfield code="a">BR</subfield>
         <subfield code="2">lcco</subfield>
      </datafield>
      <datafield tag="082" ind1="0" ind2="4">
         <subfield code="a">276</subfield>
         <subfield code="2">23</subfield>
      </datafield>
      <datafield tag="245" ind1="0" ind2="4">
         <subfield code="a">The uniquely African controversy :</subfield>
         <subfield code="b">studies on Donatist Christianity /</subfield>
         <subfield code="c">edited by Anthony Dupont, Matthew Alan Gaumer, and Mathijs Lamberigts ; in collaboration with Nicolas De Maeyer and Bart van Egmond.</subfield>
      </datafield>
      <datafield tag="264" ind1=" " ind2="1">
         <subfield code="a">Leuven :</subfield>
         <subfield code="b">Peeters,</subfield>
         <subfield code="c">2015.</subfield>
      </datafield>
      <datafield tag="264" ind1=" " ind2="4">
         <subfield code="c">©2015</subfield>
      </datafield>
      <datafield tag="300" ind1=" " ind2=" ">
         <subfield code="a">xv, 388 pages ;</subfield>
         <subfield code="c">25 cm.</subfield>
      </datafield>
      <datafield tag="336" ind1=" " ind2=" ">
         <subfield code="a">text</subfield>
         <subfield code="b">txt</subfield>
         <subfield code="2">rdacontent</subfield>
      </datafield>
      <datafield tag="337" ind1=" " ind2=" ">
         <subfield code="a">unmediated</subfield>
         <subfield code="b">n</subfield>
         <subfield code="2">rdamedia</subfield>
      </datafield>
      <datafield tag="338" ind1=" " ind2=" ">
         <subfield code="a">volume</subfield>
         <subfield code="b">nc</subfield>
         <subfield code="2">rdacarrier</subfield>
      </datafield>
      <datafield tag="490" ind1="1" ind2=" ">
         <subfield code="a">Late antique history and religion ;</subfield>
         <subfield code="v">volume 9</subfield>
      </datafield>
      <datafield tag="500" ind1=" " ind2=" ">
         <subfield code="a">ISAW copy is from the Library of Nina Garsoïan.</subfield>
         <subfield code="5">NNU</subfield>
      </datafield>
      <datafield tag="504" ind1=" " ind2=" ">
         <subfield code="a">Includes bibliographical references and indexes.</subfield>
      </datafield>
      <datafield tag="500" ind1=" " ind2=" ">
         <subfield code="a">"The origin for this volume is located in the International Donatist Studies Symposium which was held 17-18 May 2012 in Leuven, Belgium."--Introduction.</subfield>
      </datafield>
      <datafield tag="505" ind1="0" ind2="0">
         <subfield code="g">Introduction :</subfield>
         <subfield code="t">Donatism, the rediscoverd Christian legacy of Roman Africa /</subfield>
         <subfield code="r">Matthew Alan Gaumer, Anthony Dupont, Mathijs Lamberigts --</subfield>
         <subfield code="t">Numquid non et Africa sanctorum martyrum corporibus plena est? (Augustine, Ep. 78,3) : martyrs and martyrdom in Roman Africa--a preparation for Donatism? /</subfield>
         <subfield code="r">Marcin Wysocki --</subfield>
         <subfield code="t">Donatists abound!!! : the polemical ressourcement of late antique villains in the mediaeval and early modern periods /</subfield>
         <subfield code="r">Matthew Alan Gaumer --</subfield>
         <subfield code="t">Some observations on the anti-Donatist legislation /</subfield>
         <subfield code="r">Paola Marone --</subfield>
         <subfield code="t">Recording and reporting the Gesta Collationis Carthaginensis : problems and solutions /</subfield>
         <subfield code="r">Clemens Weidmann --</subfield>
         <subfield code="t">The ecclesiastical patrimony of the Donatist church /</subfield>
         <subfield code="r">Carles Buenacasa Pérez --</subfield>
         <subfield code="t">Africa asceticism : the Donatist heritage /</subfield>
         <subfield code="r">Maureen A. Tilley --</subfield>
         <subfield code="t">Ab ipso patientia mea : Augustine's critique of Donatist martyrdom and his doctrine of grace /</subfield>
         <subfield code="t">Bart van Egmond --</subfield>
      </datafield>
      <datafield tag="505" ind1="8" ind2="0">
         <subfield code="t">In league with the devil? : Donatist and Catholic perspectives on pre-baptismal exsufflation /</subfield>
         <subfield code="r">Jane E. Merdinger --</subfield>
         <subfield code="t">Optatus and Parmenian on the authority of Cyprian /</subfield>
         <subfield code="r">Geoffrey D. Dunn --</subfield>
         <subfield code="t">An example of Pelagian exegesis in the Donatist Vienna homilies (Ö.N.B. lat. 417) /</subfield>
         <subfield code="r">Alden Bass --</subfield>
         <subfield code="t">When did Donatist Christianity end? /</subfield>
         <subfield code="r">Stanisław Adamiak --</subfield>
         <subfield code="t">The Catholic construction of Donatist key figures : a critical reading of Augustine and Optatus /</subfield>
         <subfield code="r">Matteo Dalvit --</subfield>
         <subfield code="t">Hippo's got talent : Augustine's Psalmus contra partem Donati as a pop(ular) song /</subfield>
         <subfield code="r">Geert Van Reyn --</subfield>
         <subfield code="t">Augustine, missionary to heretics? : an appraisal of Augustine's missional engagement with the Donatists /</subfield>
         <subfield code="r">Edward Smither --</subfield>
         <subfield code="t">Timor est servus caritatis (s. 156,13-14) : Augustine's vision on coercion in the process of returning heretics to the Catholic Church and his underlying principles /</subfield>
         <subfield code="r">Paul van Geest --</subfield>
      </datafield>
      <datafield tag="505" ind1="8" ind2="0">
         <subfield code="t">Peccatum and gratia in Augustine's anti-Donatist Sermones ad Populum : attested presence and specific treatment of two key concepts of Augustine's anti-Pelagian doctrine /</subfield>
         <subfield code="r">Anthony Dupont --</subfield>
         <subfield code="t">Mysterium and sacramentum in the Vetus Afra : what differing interpretations by African patristic authors reveal about paganism and Donatism /</subfield>
         <subfield code="r">Ilaria Ramelli.</subfield>
      </datafield>
      <datafield tag="650" ind1=" " ind2="0">
         <subfield code="a">Donatists</subfield>
         <subfield code="v">Congresses.</subfield>
      </datafield>
      <datafield tag="650" ind1=" " ind2="0">
         <subfield code="a">Christianity</subfield>
         <subfield code="z">Africa, North</subfield>
         <subfield code="v">Congresses.</subfield>
      </datafield>
      <datafield tag="650" ind1=" " ind2="7">
         <subfield code="a">Christianity.</subfield>
         <subfield code="2">fast</subfield>
         <subfield code="0">(OCoLC)fst00859599</subfield>
      </datafield>
      <datafield tag="650" ind1=" " ind2="7">
         <subfield code="a">Donatists.</subfield>
         <subfield code="2">fast</subfield>
         <subfield code="0">(OCoLC)fst00896825</subfield>
      </datafield>
      <datafield tag="651" ind1=" " ind2="7">
         <subfield code="a">Africa, North.</subfield>
         <subfield code="2">fast</subfield>
         <subfield code="0">(OCoLC)fst01239515</subfield>
      </datafield>
      <datafield tag="655" ind1=" " ind2="7">
         <subfield code="a">Conference papers and proceedings.</subfield>
         <subfield code="2">fast</subfield>
         <subfield code="0">(OCoLC)fst01423772</subfield>
      </datafield>
      <datafield tag="796" ind1="1" ind2=" ">
         <subfield code="a">Garsoïan, Nina G.,</subfield>
         <subfield code="d">1923-</subfield>
         <subfield code="e">former owner.</subfield>
      </datafield>
      <datafield tag="797" ind1="2" ind2=" ">
         <subfield code="a">Garsoïan Collection.</subfield>
      </datafield>
      <datafield tag="700" ind1="1" ind2=" ">
         <subfield code="a">Dupont, Anthony,</subfield>
         <subfield code="e">editor,</subfield>
         <subfield code="e">contributor.</subfield>
      </datafield>
      <datafield tag="700" ind1="1" ind2=" ">
         <subfield code="a">Gaumer, Matthew Alan,</subfield>
         <subfield code="e">editor,</subfield>
         <subfield code="e">contributor.</subfield>
      </datafield>
      <datafield tag="700" ind1="1" ind2=" ">
         <subfield code="a">Lamberigts, M.</subfield>
         <subfield code="q">(Mathijs),</subfield>
         <subfield code="e">editor,</subfield>
         <subfield code="e">contributor.</subfield>
      </datafield>
      <datafield tag="700" ind1="1" ind2=" ">
         <subfield code="a">De Maeyer, Nicolas,</subfield>
         <subfield code="e">editorial collaborator.</subfield>
      </datafield>
      <datafield tag="700" ind1="1" ind2=" ">
         <subfield code="a">Egmond, Bart van,</subfield>
         <subfield code="e">editorial collaborator.</subfield>
      </datafield>
      <datafield tag="711" ind1="2" ind2=" ">
         <subfield code="a">International Donatist Studies Symposium</subfield>
         <subfield code="d">(2012 :</subfield>
         <subfield code="c">Louvain, Belgium)</subfield>
      </datafield>
      <datafield tag="830" ind1=" " ind2="0">
         <subfield code="a">Late antique history and religion ;</subfield>
         <subfield code="v">9.</subfield>
      </datafield>
      <datafield tag="OWN" ind1=" " ind2=" ">
         <subfield code="a">GENERAL</subfield>
      </datafield>
      <datafield tag="AVA" ind1=" " ind2=" ">
         <subfield code="a">NYU50</subfield>
         <subfield code="b">BOBST</subfield>
         <subfield code="c">Main Collection</subfield>
         <subfield code="d">BT1370 .U557 2015</subfield>
         <subfield code="e">available</subfield>
         <subfield code="t">Available</subfield>
         <subfield code="f">1</subfield>
         <subfield code="g">0</subfield>
         <subfield code="h">N</subfield>
         <subfield code="i">0</subfield>
         <subfield code="j">MAIN</subfield>
         <subfield code="k">0</subfield>
      </datafield>
      <datafield tag="AVA" ind1=" " ind2=" ">
         <subfield code="a">NYU50</subfield>
         <subfield code="b">NISAW</subfield>
         <subfield code="c">Small Collection</subfield>
         <subfield code="d">BT1370 .U557 2015</subfield>
         <subfield code="e">available</subfield>
         <subfield code="t">Available</subfield>
         <subfield code="f">1</subfield>
         <subfield code="g">0</subfield>
         <subfield code="h">N</subfield>
         <subfield code="i">0</subfield>
         <subfield code="j">SMALL</subfield>
         <subfield code="k">0</subfield>
      </datafield>
      <marc:datafield tag="852" ind1=" " ind2=" ">
         <marc:subfield code="b">Institute for the Study of the Ancient World, </marc:subfield>
         <marc:subfield code="c">Small Collection</marc:subfield>
         <marc:subfield code="e">15 East 84th St., </marc:subfield>
         <marc:subfield code="e">New York, NY  10028</marc:subfield>
      </marc:datafield>
   </record>