
  
  
  
  
  
  
  
  
  
 
  
  <record xsi:schemaLocation="http://www.loc.gov/MARC21/slim http://www.loc.gov/standards/marcxml/schema/MARC21slim.xsd">
      <leader>00000cam a2200601 i 4500</leader>
      <controlfield tag="FMT">BK</controlfield>
      <controlfield tag="LDR">00000cam a2200601 i 4500</controlfield>
      <controlfield tag="001">004316836</controlfield>
      <controlfield tag="003">OCoLC</controlfield>
      <controlfield tag="005">20160615135420.0</controlfield>
      <controlfield tag="008">160615s2013    cc ab         000 0 chi d</controlfield>
      <datafield tag="020" ind1=" " ind2=" ">
         <subfield code="a">9787501036813</subfield>
      </datafield>
      <datafield tag="020" ind1=" " ind2=" ">
         <subfield code="a">7501036810</subfield>
      </datafield>
      <datafield tag="035" ind1=" " ind2=" ">
         <subfield code="a">(OCoLC)849723421</subfield>
         <subfield code="z">(OCoLC)841065151</subfield>
      </datafield>
      <datafield tag="040" ind1=" " ind2=" ">
         <subfield code="a">CNPIT</subfield>
         <subfield code="b">eng</subfield>
         <subfield code="e">rda</subfield>
         <subfield code="c">CNPIT</subfield>
         <subfield code="d">YUS</subfield>
         <subfield code="d">BCBTC</subfield>
         <subfield code="d">NNU</subfield>
      </datafield>
      <datafield tag="041" ind1="0" ind2=" ">
         <subfield code="a">chi</subfield>
         <subfield code="a">rus</subfield>
         <subfield code="b">eng</subfield>
         <subfield code="f">chi</subfield>
         <subfield code="f">rus</subfield>
      </datafield>
      <datafield tag="043" ind1=" " ind2=" ">
         <subfield code="a">e-ru---</subfield>
      </datafield>
      <datafield tag="050" ind1=" " ind2="4">
         <subfield code="a">DK771.M3</subfield>
         <subfield code="b">E48 2013</subfield>
      </datafield>
      <datafield tag="066" ind1=" " ind2=" ">
         <subfield code="c">$1</subfield>
         <subfield code="c">(N</subfield>
      </datafield>
      <datafield tag="245" ind1="0" ind2="0">
         <subfield code="6">880-01</subfield>
         <subfield code="a">Eluosi bin hai bian jiang qu Nüzhen wen wu ji cui /</subfield>
         <subfield code="c">Jilin Sheng wen wu kao gu suo, Eluosi ke xue yuan yuan dong fen yuan yuan dong min zu li shi, kao gu, min zu yan jiu suo bian zhu ; zhu bian, Song Yubin, N.G. Aerjiemiyewa ; fu zhu bian, Xie Feng = Drevnosteĭ chzhurchzhėneĭ iz Primorskogo krai͡a Rossii / Institut istorii, arkheologii i ėtnografii narodov Dalʹnego Vostoka DVO RAN, Institut arkheologii provint͡sii T͡Szilinʹ ; glavnye redaktory-sostaviteli Sun I͡Uĭbinʹ, N.G. Artemʹeva ; sostavitelʹ Se Fėn.</subfield>
      </datafield>
      <datafield tag="246" ind1="3" ind2="0">
         <subfield code="6">880-02</subfield>
         <subfield code="a">Nüzhen wen wu ji cui</subfield>
      </datafield>
      <datafield tag="246" ind1="3" ind2="1">
         <subfield code="6">880-03</subfield>
         <subfield code="a">Drevnosteĭ chzhurchzhėneĭ iz Primorskogo krai͡a Rossii</subfield>
      </datafield>
      <datafield tag="250" ind1=" " ind2=" ">
         <subfield code="6">880-04</subfield>
         <subfield code="a">Di 1 ban.</subfield>
      </datafield>
      <datafield tag="264" ind1=" " ind2="1">
         <subfield code="6">880-05</subfield>
         <subfield code="a">Beijing :</subfield>
         <subfield code="b">Wen wu chu ban she,</subfield>
         <subfield code="c">2013.</subfield>
      </datafield>
      <datafield tag="300" ind1=" " ind2=" ">
         <subfield code="a">25, 258 pages :</subfield>
         <subfield code="b">chiefly color illustrations, map ;</subfield>
         <subfield code="c">29 cm</subfield>
      </datafield>
      <datafield tag="336" ind1=" " ind2=" ">
         <subfield code="a">still image</subfield>
         <subfield code="b">sti</subfield>
         <subfield code="2">rdacontent</subfield>
      </datafield>
      <datafield tag="336" ind1=" " ind2=" ">
         <subfield code="a">text</subfield>
         <subfield code="2">rdacontent</subfield>
      </datafield>
      <datafield tag="337" ind1=" " ind2=" ">
         <subfield code="a">unmediated</subfield>
         <subfield code="2">rdamedia</subfield>
      </datafield>
      <datafield tag="338" ind1=" " ind2=" ">
         <subfield code="a">volume</subfield>
         <subfield code="2">rdacarrier</subfield>
      </datafield>
      <datafield tag="546" ind1=" " ind2=" ">
         <subfield code="a">Chinese and Russian with table of contents in Chinese and Russian and preface in Chinese, English, and Russian.</subfield>
      </datafield>
      <datafield tag="650" ind1=" " ind2="0">
         <subfield code="a">Jurchen (Manchurian people)</subfield>
         <subfield code="z">Russia (Federation)</subfield>
         <subfield code="z">Primorskiĭ kraĭ</subfield>
         <subfield code="x">Antiquities.</subfield>
      </datafield>
      <datafield tag="651" ind1=" " ind2="0">
         <subfield code="a">Primorskiĭ kraĭ (Russia)</subfield>
         <subfield code="x">Antiquities.</subfield>
      </datafield>
      <datafield tag="700" ind1="1" ind2=" ">
         <subfield code="6">880-06</subfield>
         <subfield code="a">Song, Yubin,</subfield>
         <subfield code="e">editor.</subfield>
      </datafield>
      <datafield tag="700" ind1="1" ind2=" ">
         <subfield code="a">Artemʹeva, N. G.</subfield>
         <subfield code="q">(Nadezhda Grigorʹevna),</subfield>
         <subfield code="e">editor.</subfield>
      </datafield>
      <datafield tag="710" ind1="2" ind2=" ">
         <subfield code="6">880-07</subfield>
         <subfield code="a">Jilin Sheng wen wu kao gu yan jiu suo,</subfield>
         <subfield code="e">editor.</subfield>
      </datafield>
      <datafield tag="710" ind1="2" ind2=" ">
         <subfield code="a">Institut istorii, arkheologii i ėtnografii narodov Dalʹnego Vostoka (Rossiĭskai͡a akademii͡a nauk),</subfield>
         <subfield code="e">editor.</subfield>
      </datafield>
      <datafield tag="880" ind1="0" ind2="0">
         <subfield code="6">245-01/</subfield>
         <subfield code="a">俄罗斯滨海边疆区女真文物集粹 /</subfield>
         <subfield code="c">吉林省文物考古研究所, 俄罗斯科学院远东分院远东民族历史・考古・民族研究所编著 ; 主编, 宋玉彬, Н.Г.阿尔杰米耶娃 ; 副主编, 解峰 = Древностей чжурчжэней из Приморского края России / Институт истории, археологии и этнографии народов Дальнего Востока ДВО РАН, Институт археологии провинции Цзилинь ; главные редакторы-составители Сун Юйбинь, Н.Г. Артемьева ; составитель Се Фэн.</subfield>
      </datafield>
      <datafield tag="880" ind1="3" ind2="0">
         <subfield code="6">246-02/</subfield>
         <subfield code="a">女真文物集粹</subfield>
      </datafield>
      <datafield tag="880" ind1="3" ind2="1">
         <subfield code="6">246-03/</subfield>
         <subfield code="a">Древностей чжурчжэней из Приморского края России</subfield>
      </datafield>
      <datafield tag="880" ind1=" " ind2=" ">
         <subfield code="6">250-04/</subfield>
         <subfield code="a">第1版.</subfield>
      </datafield>
      <datafield tag="880" ind1=" " ind2="1">
         <subfield code="6">264-05/</subfield>
         <subfield code="a">北京 :</subfield>
         <subfield code="b">文物出版社,</subfield>
         <subfield code="c">2013.</subfield>
      </datafield>
      <datafield tag="880" ind1=" " ind2=" ">
         <subfield code="6">520-00/</subfield>
         <subfield code="a">"本书内容包括: 阿尔加诺夫斯科耶村落址, 阿纳尼耶夫斯科耶城址, 戈尔诺胡托尔斯科耶城址, 古谢夫斯科耶城址, 克拉斯诺雅罗夫斯科耶城址等"--From publisher.</subfield>
      </datafield>
      <datafield tag="880" ind1="1" ind2=" ">
         <subfield code="6">700-06/</subfield>
         <subfield code="a">宋玉彬,</subfield>
         <subfield code="e">editor.</subfield>
      </datafield>
      <datafield tag="880" ind1="2" ind2=" ">
         <subfield code="6">710-07/</subfield>
         <subfield code="a">吉林省文物考古研究所,</subfield>
         <subfield code="e">editor.</subfield>
      </datafield>
      <datafield tag="994" ind1=" " ind2=" ">
         <subfield code="a">Z0</subfield>
         <subfield code="b">ZYU</subfield>
      </datafield>
      <datafield tag="OWN" ind1=" " ind2=" ">
         <subfield code="a">GENERAL</subfield>
      </datafield>
      <datafield tag="AVA" ind1=" " ind2=" ">
         <subfield code="a">NYU50</subfield>
         <subfield code="b">NISAW</subfield>
         <subfield code="c">Large Collection</subfield>
         <subfield code="d">DK771.M3 E48 2013</subfield>
         <subfield code="e">available</subfield>
         <subfield code="t">Available</subfield>
         <subfield code="f">1</subfield>
         <subfield code="g">0</subfield>
         <subfield code="h">N</subfield>
         <subfield code="i">0</subfield>
         <subfield code="j">LARGE</subfield>
         <subfield code="k">0</subfield>
      </datafield>
      <marc:datafield tag="852" ind1=" " ind2=" ">
         <marc:subfield code="b">Institute for the Study of the Ancient World, </marc:subfield>
         <marc:subfield code="c">Large Collection</marc:subfield>
         <marc:subfield code="e">15 East 84th St., </marc:subfield>
         <marc:subfield code="e">New York, NY  10028</marc:subfield>
      </marc:datafield>
   </record>