
  
  
  
  
  
  
 
  
  <record xsi:schemaLocation="http://www.loc.gov/MARC21/slim http://www.loc.gov/standards/marcxml/schema/MARC21slim.xsd">
      <leader>00000cam a2200709 i 4500</leader>
      <controlfield tag="FMT">BK</controlfield>
      <controlfield tag="LDR">00000cam a2200709 i 4500</controlfield>
      <controlfield tag="001">004316860</controlfield>
      <controlfield tag="003">OCoLC</controlfield>
      <controlfield tag="005">20160615153707.0</controlfield>
      <controlfield tag="008">160615s2011    cc fh         000 0 chi c</controlfield>
      <datafield tag="020" ind1=" " ind2=" ">
         <subfield code="a">9787101081657</subfield>
      </datafield>
      <datafield tag="020" ind1=" " ind2=" ">
         <subfield code="a">7101081657</subfield>
      </datafield>
      <datafield tag="035" ind1=" " ind2=" ">
         <subfield code="a">(OCoLC)752414651</subfield>
      </datafield>
      <datafield tag="040" ind1=" " ind2=" ">
         <subfield code="a">BCBTC</subfield>
         <subfield code="b">eng</subfield>
         <subfield code="c">BCBTC</subfield>
         <subfield code="d">OCLCQ</subfield>
         <subfield code="d">IUL</subfield>
         <subfield code="d">EYM</subfield>
         <subfield code="d">PAU</subfield>
         <subfield code="d">OCLCA</subfield>
         <subfield code="d">OCLCQ</subfield>
         <subfield code="d">OCLCF</subfield>
         <subfield code="d">OKU</subfield>
         <subfield code="d">STF</subfield>
         <subfield code="d">OCL</subfield>
      </datafield>
      <datafield tag="042" ind1=" " ind2=" ">
         <subfield code="a">pcc</subfield>
      </datafield>
      <datafield tag="043" ind1=" " ind2=" ">
         <subfield code="a">a-cc---</subfield>
      </datafield>
      <datafield tag="050" ind1=" " ind2="4">
         <subfield code="a">DS735.A2</subfield>
         <subfield code="b">M323 2011</subfield>
      </datafield>
      <datafield tag="066" ind1=" " ind2=" ">
         <subfield code="c">$1</subfield>
      </datafield>
      <datafield tag="100" ind1="1" ind2=" ">
         <subfield code="6">880-01</subfield>
         <subfield code="a">Ma, Duanlin,</subfield>
         <subfield code="d">approximately 1254-approximately 1323.</subfield>
      </datafield>
      <datafield tag="245" ind1="1" ind2="0">
         <subfield code="6">880-02</subfield>
         <subfield code="a">Wen xian tong kao /</subfield>
         <subfield code="c">Ma Duanlin zhu ; Shanghai shi fan da xue gu ji yan jiu suo, Hua dong shi fan da xue gu ji yan jiu suo dian jiao ; [dian jiao zhu chi ren Pei Rucheng, Dai Jianguo, Yan Wenru].</subfield>
      </datafield>
      <datafield tag="250" ind1=" " ind2=" ">
         <subfield code="6">880-03</subfield>
         <subfield code="a">Di 1 ban.</subfield>
      </datafield>
      <datafield tag="264" ind1=" " ind2="1">
         <subfield code="6">880-04</subfield>
         <subfield code="a">Beijing Shi :</subfield>
         <subfield code="b">Zhonghua shu ju,</subfield>
         <subfield code="c">2011.</subfield>
      </datafield>
      <datafield tag="300" ind1=" " ind2=" ">
         <subfield code="a">14 volumes ([10], 9672, 3, 3 pages, 4 unnumbered pages of plates :</subfield>
         <subfield code="b">color facsimiles ;</subfield>
         <subfield code="c">25 cm</subfield>
      </datafield>
      <datafield tag="336" ind1=" " ind2=" ">
         <subfield code="a">text</subfield>
         <subfield code="b">txt</subfield>
         <subfield code="2">rdacontent</subfield>
      </datafield>
      <datafield tag="337" ind1=" " ind2=" ">
         <subfield code="a">unmediated</subfield>
         <subfield code="b">n</subfield>
         <subfield code="2">rdamedia</subfield>
      </datafield>
      <datafield tag="338" ind1=" " ind2=" ">
         <subfield code="a">volume</subfield>
         <subfield code="b">nc</subfield>
         <subfield code="2">rdacarrier</subfield>
      </datafield>
      <datafield tag="520" ind1=" " ind2=" ">
         <subfield code="6">880-05</subfield>
         <subfield code="a">"Wen xian tong kao" shi Song Yuan zhi ji zhu ming xue zhe Ma Duanlin de zhong yao zhu zuo, shu de nei rong qi zi shang gu, zhong yu Nan Song Ningzong Jiading nian jian. Quan shu gong 348 juan, fen wei 24 men, fen bie wei: tian fu, qian bi, hu kou, zhi yi, zheng que, shi di, tu gong, guo yong, xuan ju, xue xiao, zhi guan, jiao she, zong miao, wang li, yue, bing, xing, jing ji, di xi, feng jian, xiang wei, wu yi, yu di, si yi. "Tong dian', "Tong zhi" he "Wen xian tong kao" san shu dou yi guan tong gu jin wei zhu zhi, gu hou ren he zhi cheng wei "San tong". "San tong" zai Zhongguo gu dai shi ji zhong zhan you fei chang zhong yao de di wei, er "Wen xian tong kao"shi ji "Tong dian", "Tong zhi "zhi hou, gui mo zui da de yi bu ji shu li dai dian zhang zhi du de zhu zuo. Dian xiao ben "Wen xian tong kao", yi Qia long shi er nian (1747 nian) Wu ying dian jiao kan ben wei di ben, yi Yu Qian bu xiu ben (jian cheng Yuan ben), Shenduzhai ben (jian cheng Shen ben), Feng Tianyu ben (jian cheng Feng ben), Guangxu er shi er nian Zhejiang shu ju (Jian cheng ju ben) ke ben wei jiao ben, bing cha yue "Tong kao" suo yong de qi ta shu ji, xi shou jin ren jiao kan cheng guo, fan jiao zheng e wu zhi chu, yu juan mo xie chu jiao kan ji. Zhe yang yi bu li shi dian ji de dian jiao zheng li chu ban bi jiang da da fang bian xue jie dui "Wen xian tong kao" yi shu de shi yong he xiang guan ling yu de yan jiu.</subfield>
      </datafield>
      <datafield tag="505" ind1="0" ind2=" ">
         <subfield code="6">880-06</subfield>
         <subfield code="a">v. 1. Tian fu, qian bi, hu kou, zhi yi, zheng que, shi di -- v. 2. Tu gong, guo yong, xuan ju, xue xiao -- v. 3. Zhi guan -- v. 4. Jiao she -- v. 5. Zong miao, wang li -- v. 6. Wang li -- v. 7. Le -- v. 8. Bing, xing -- v. 9-10. Jing ji -- v. 11. Di xi, feng jian -- v. 12. Xiang wei, wu yi -- v. 13. Wu yi, yu di -- v. 14. Si yi.</subfield>
      </datafield>
      <datafield tag="600" ind1="1" ind2="0">
         <subfield code="6">880-07</subfield>
         <subfield code="a">Ma, Duanlin,</subfield>
         <subfield code="d">approximately 1254-approximately 1323.</subfield>
      </datafield>
      <datafield tag="651" ind1=" " ind2="0">
         <subfield code="a">China</subfield>
         <subfield code="x">History</subfield>
         <subfield code="y">To 221 B.C.</subfield>
         <subfield code="x">Sources.</subfield>
      </datafield>
      <datafield tag="651" ind1=" " ind2="0">
         <subfield code="a">China</subfield>
         <subfield code="x">History</subfield>
         <subfield code="y">221 B.C.-960 A.D.</subfield>
         <subfield code="x">Sources.</subfield>
      </datafield>
      <datafield tag="651" ind1=" " ind2="0">
         <subfield code="a">China</subfield>
         <subfield code="x">History</subfield>
         <subfield code="y">Song dynasty, 960-1279</subfield>
         <subfield code="v">Sources.</subfield>
      </datafield>
      <datafield tag="651" ind1=" " ind2="0">
         <subfield code="a">China</subfield>
         <subfield code="x">Politics and government</subfield>
         <subfield code="x">Sources.</subfield>
      </datafield>
      <datafield tag="600" ind1="1" ind2="7">
         <subfield code="a">Ma, Duanlin,</subfield>
         <subfield code="d">approximately 1254-approximately 1323.</subfield>
         <subfield code="2">fast</subfield>
         <subfield code="0">(OCoLC)fst01831954</subfield>
      </datafield>
      <datafield tag="650" ind1=" " ind2="7">
         <subfield code="a">Politics and government.</subfield>
         <subfield code="2">fast</subfield>
         <subfield code="0">(OCoLC)fst01919741</subfield>
      </datafield>
      <datafield tag="650" ind1=" " ind2="7">
         <subfield code="a">Song Dynasty (China)</subfield>
         <subfield code="2">fast</subfield>
         <subfield code="0">(OCoLC)fst01696776</subfield>
      </datafield>
      <datafield tag="651" ind1=" " ind2="7">
         <subfield code="a">China.</subfield>
         <subfield code="2">fast</subfield>
         <subfield code="0">(OCoLC)fst01206073</subfield>
      </datafield>
      <datafield tag="648" ind1=" " ind2="7">
         <subfield code="a">To 1279.</subfield>
         <subfield code="2">fast</subfield>
      </datafield>
      <datafield tag="655" ind1=" " ind2="7">
         <subfield code="a">History.</subfield>
         <subfield code="2">fast</subfield>
         <subfield code="0">(OCoLC)fst01411628</subfield>
      </datafield>
      <datafield tag="655" ind1=" " ind2="7">
         <subfield code="a">Sources.</subfield>
         <subfield code="2">fast</subfield>
         <subfield code="0">(OCoLC)fst01423900</subfield>
      </datafield>
      <datafield tag="700" ind1="1" ind2=" ">
         <subfield code="6">880-08</subfield>
         <subfield code="a">Pei, Rucheng.</subfield>
      </datafield>
      <datafield tag="700" ind1="1" ind2=" ">
         <subfield code="6">880-09</subfield>
         <subfield code="a">Dai, Jianguo.</subfield>
      </datafield>
      <datafield tag="700" ind1="1" ind2=" ">
         <subfield code="6">880-10</subfield>
         <subfield code="a">Yan Wenru.</subfield>
      </datafield>
      <datafield tag="880" ind1="1" ind2=" ">
         <subfield code="6">100-01/</subfield>
         <subfield code="a">马端临,</subfield>
         <subfield code="d">approximately 1254-approximately 1323.</subfield>
      </datafield>
      <datafield tag="880" ind1="1" ind2="0">
         <subfield code="6">245-02/</subfield>
         <subfield code="a">文獻通考 /</subfield>
         <subfield code="c">马端臨著 ; 上海師範大學古籍研究所, 華東師範大學古籍研究所點校 ; [點校主持人裴汝誠, 戴建國, 嚴文儒].</subfield>
      </datafield>
      <datafield tag="880" ind1="3" ind2=" ">
         <subfield code="6">246-00/</subfield>
         <subfield code="a">文献通考</subfield>
      </datafield>
      <datafield tag="880" ind1=" " ind2=" ">
         <subfield code="6">250-03/</subfield>
         <subfield code="a">第1版.</subfield>
      </datafield>
      <datafield tag="880" ind1=" " ind2="1">
         <subfield code="6">264-04/</subfield>
         <subfield code="a">北京市 :</subfield>
         <subfield code="b">中華書局,</subfield>
         <subfield code="c">2011.</subfield>
      </datafield>
      <datafield tag="880" ind1=" " ind2=" ">
         <subfield code="6">520-05/</subfield>
         <subfield code="a">《文献通考》是宋元之际著名学者马端临的重要著作, 书的内容起自上古, 终于南宋宁宗嘉定年间.全书共348卷, 分为24门, 分别为: 田赋, 钱币, 戶口, 职役, 征榷, 市籴, 土贡, 国用, 选举, 学校, 职官, 郊社, 宗庙, 王礼, 乐, 兵, 刑, 经籍, 帝系, 封建, 象纬, 物异, 舆地, 四裔. 《通典》, 《通志》和《文献通考》三书都以贯通古今为主旨, 故后人合之称为"三通". "三通"在中国古代史籍中占有非常重要的地位, 而《文献通考》是继《通典》, 《通志》之后, 规模最大的一部记述历代典章制度的著作.点校本《文献通考》, 以乾隆十二年(一七四七年)武英殿校刊本为底本, 以余谦补修本(简称元本), 慎独斋本(简称慎本), 冯天驭本(简称冯本), 光绪二十二年浙江书局(简称局本)刻本为校本, 并查阅"通考"所用的其它书籍, 吸收近人校勘成果, 凡校正讹误之处, 于卷末写出校勘记. 这样一部历史典籍的点校整理出版必将大大方便学界对《文献通考》一书的使用和相关领域的研究.</subfield>
      </datafield>
      <datafield tag="880" ind1="0" ind2=" ">
         <subfield code="6">505-06/</subfield>
         <subfield code="a">v. 1. 田赋, 钱币, 戶口, 职役, 征榷, 市籴 -- v. 2. 土贡, 国用, 选举, 学校 -- v. 3. 职官 -- v. 4. 郊社 -- v. 5 宗庙, 王礼 -- v. 6 王礼 -- v. 7 乐 -- v. 8. 兵, 刑 -- v. 9-10. 经籍 -- v. 11. 帝系, 封建 -- v. 12. 象纬, 物异 -- v. 13. 物异, 舆地 -- v. 14 四裔.</subfield>
      </datafield>
      <datafield tag="880" ind1="1" ind2="0">
         <subfield code="6">600-07/</subfield>
         <subfield code="a">马端临,</subfield>
         <subfield code="d">approximately 1254-approximately 1323.</subfield>
      </datafield>
      <datafield tag="880" ind1="1" ind2=" ">
         <subfield code="6">700-08/</subfield>
         <subfield code="a">裴汝誠.</subfield>
      </datafield>
      <datafield tag="880" ind1="1" ind2=" ">
         <subfield code="6">700-09/</subfield>
         <subfield code="a">戴建國.</subfield>
      </datafield>
      <datafield tag="880" ind1="1" ind2=" ">
         <subfield code="6">700-10/</subfield>
         <subfield code="a">嚴文儒.</subfield>
      </datafield>
      <datafield tag="994" ind1=" " ind2=" ">
         <subfield code="a">Z0</subfield>
         <subfield code="b">ZYU</subfield>
      </datafield>
      <datafield tag="OWN" ind1=" " ind2=" ">
         <subfield code="a">GENERAL</subfield>
      </datafield>
      <datafield tag="AVA" ind1=" " ind2=" ">
         <subfield code="a">NYU50</subfield>
         <subfield code="b">NISAW</subfield>
         <subfield code="c">Reference 5 Collection</subfield>
         <subfield code="d">DS735.A2 M323 2011 Non-circulating</subfield>
         <subfield code="e">available</subfield>
         <subfield code="t">Available</subfield>
         <subfield code="f">14</subfield>
         <subfield code="g">0</subfield>
         <subfield code="h">Y</subfield>
         <subfield code="i">0</subfield>
         <subfield code="j">REF5</subfield>
         <subfield code="k">0</subfield>
      </datafield>
      <marc:datafield tag="852" ind1=" " ind2=" ">
         <marc:subfield code="b">Institute for the Study of the Ancient World, </marc:subfield>
         <marc:subfield code="c">Reference 5 Collection</marc:subfield>
         <marc:subfield code="e">15 East 84th St., </marc:subfield>
         <marc:subfield code="e">New York, NY  10028</marc:subfield>
      </marc:datafield>
   </record>