
  
  
  
  
  
 
  
  <record xsi:schemaLocation="http://www.loc.gov/MARC21/slim http://www.loc.gov/standards/marcxml/schema/MARC21slim.xsd">
      <leader>00000nam a22      i 4500</leader>
      <controlfield tag="FMT">BK</controlfield>
      <controlfield tag="LDR">00000nam a22      i 4500</controlfield>
      <controlfield tag="001">004316837</controlfield>
      <controlfield tag="005">20160622144455.0</controlfield>
      <controlfield tag="008">160615s2016    ua a     b    000 0 fre d</controlfield>
      <datafield tag="020" ind1=" " ind2=" ">
         <subfield code="a">9782724706628</subfield>
      </datafield>
      <datafield tag="020" ind1=" " ind2=" ">
         <subfield code="a">2724706625</subfield>
      </datafield>
      <datafield tag="035" ind1=" " ind2=" ">
         <subfield code="a">(OCoLC)951749223</subfield>
      </datafield>
      <datafield tag="040" ind1=" " ind2=" ">
         <subfield code="a">ZYU</subfield>
         <subfield code="b">eng</subfield>
         <subfield code="e">rda</subfield>
         <subfield code="c">ZYU</subfield>
      </datafield>
      <datafield tag="041" ind1=" " ind2=" ">
         <subfield code="a">fre</subfield>
         <subfield code="a">egy</subfield>
         <subfield code="b">fre</subfield>
         <subfield code="b">eng</subfield>
      </datafield>
      <datafield tag="043" ind1=" " ind2=" ">
         <subfield code="a">f-ua---</subfield>
      </datafield>
      <datafield tag="050" ind1=" " ind2="4">
         <subfield code="a">P323.4.E3</subfield>
         <subfield code="b">E88 2016</subfield>
      </datafield>
      <datafield tag="245" ind1="0" ind2="0">
         <subfield code="a">Études d'onomastique égyptienne :</subfield>
         <subfield code="b">méthodologie et nouvelles approches /</subfield>
         <subfield code="c">éditées par Yannis Gourdon et Åke Engsheden.</subfield>
      </datafield>
      <datafield tag="264" ind1=" " ind2="1">
         <subfield code="a">Le Caire :</subfield>
         <subfield code="b">Institut français d'archéologie orientale,</subfield>
         <subfield code="c">2016.</subfield>
      </datafield>
      <datafield tag="300" ind1=" " ind2=" ">
         <subfield code="a">IX, 270 pages :</subfield>
         <subfield code="b">illustrations (some color) ;</subfield>
         <subfield code="c">24 cm.</subfield>
      </datafield>
      <datafield tag="336" ind1=" " ind2=" ">
         <subfield code="a">text</subfield>
         <subfield code="b">txt</subfield>
         <subfield code="2">rdacontent</subfield>
      </datafield>
      <datafield tag="337" ind1=" " ind2=" ">
         <subfield code="a">unmediated</subfield>
         <subfield code="b">n</subfield>
         <subfield code="2">rdamedia</subfield>
      </datafield>
      <datafield tag="338" ind1=" " ind2=" ">
         <subfield code="a">volume</subfield>
         <subfield code="b">nc</subfield>
         <subfield code="2">rdacarrier</subfield>
      </datafield>
      <datafield tag="490" ind1="1" ind2=" ">
         <subfield code="a">IF ;</subfield>
         <subfield code="v">1107</subfield>
      </datafield>
      <datafield tag="490" ind1="1" ind2=" ">
         <subfield code="a">RAPH</subfield>
         <subfield code="x">1011-1883 ;</subfield>
         <subfield code="v">38</subfield>
      </datafield>
      <datafield tag="546" ind1=" " ind2=" ">
         <subfield code="a">Papers in French and ancient Egyptian; summary in French and English.</subfield>
      </datafield>
      <datafield tag="500" ind1=" " ind2=" ">
         <subfield code="a">Revisions of papers originally presented at seminars in Cairo, 2008-2009.</subfield>
      </datafield>
      <datafield tag="504" ind1=" " ind2=" ">
         <subfield code="a">Includes bibliographical references.</subfield>
      </datafield>
      <datafield tag="505" ind1="0" ind2="0">
         <subfield code="t">Préface /</subfield>
         <subfield code="r">Laure Pantallacci --</subfield>
         <subfield code="t">Introduction /</subfield>
         <subfield code="r">Åke Engsheden et Yannis Gourdon.</subfield>
         <subfield code="g">Première Partie.</subfield>
         <subfield code="t">Mèthodologie et Historiographie.</subfield>
         <subfield code="t">L'ètude des anthroponymes du IIIe millénaire : Approache méthodologique /</subfield>
         <subfield code="r">Yannis Gourdon --</subfield>
         <subfield code="t">Les noms de lieux de l'Égypte et les sciences toponymiques en égyptologie /</subfield>
         <subfield code="r">Vincent Razanajao --</subfield>
         <subfield code="g">Deuxième Partie.</subfield>
         <subfield code="t">Toponymie.</subfield>
         <subfield code="t">L'Agathos Daimôn dans l'Égypte hellénistique et romaine : Au confluent de l'hydronymie et de l'onomastique /</subfield>
         <subfield code="r">Katherine Blouin --</subfield>
         <subfield code="t">Aux confins de l'étymologie : Rakotis, le nom indigène d'Alexandrie /</subfield>
         <subfield code="r">Åke Engsheden --</subfield>
         <subfield code="t">Onomastique égyptienne croisée : Quand les noms de lieux et de personnes s'entremȇlent au IIIe millénaire /</subfield>
         <subfield code="r">Yannis Gourdon --</subfield>
         <subfield code="t">La toponymie d'un village de Moyenne-Égypte et de sa campagne aux VIe et VIIIe siècles apr. J.-C. : Le cas d'Aphroditȇ dans l'Antaiopolite d'après les papyrus grecs.</subfield>
         <subfield code="g">Troisième Partie.</subfield>
         <subfield code="t">Anthroponymie.</subfield>
         <subfield code="t">La joie pour identité : Les modalités d'emploi des termes liés à la joie dans l'anthroponymie égyptienne /</subfield>
         <subfield code="r">Cédric Gobeil --</subfield>
         <subfield code="t">Nommer les hommes d'après les dieux : Expression de la piété personnelle dans l'Égypte du IIIe millénaire /</subfield>
         <subfield code="r">Yannis Gourdon --</subfield>
         <subfield code="t">Anthroponymie et histoire sociale à la Troisième Période intermédiaire /</subfield>
         <subfield code="r">Frédéric Payraudeau.</subfield>
      </datafield>
      <datafield tag="650" ind1=" " ind2="0">
         <subfield code="a">Onomastics</subfield>
         <subfield code="z">Egypt.</subfield>
      </datafield>
      <datafield tag="650" ind1=" " ind2="0">
         <subfield code="a">Toponymy.</subfield>
      </datafield>
      <datafield tag="650" ind1=" " ind2="0">
         <subfield code="a">Names, Personal</subfield>
         <subfield code="z">Egypt.</subfield>
      </datafield>
      <datafield tag="700" ind1="1" ind2=" ">
         <subfield code="a">Gourdon, Yannis,</subfield>
         <subfield code="e">editor.</subfield>
      </datafield>
      <datafield tag="700" ind1="1" ind2=" ">
         <subfield code="a">Engsheden, Åke,</subfield>
         <subfield code="e">editor.</subfield>
      </datafield>
      <datafield tag="830" ind1=" " ind2="0">
         <subfield code="a">Publications de l'Institut français d'archéologie orientale du Caire ;</subfield>
         <subfield code="v">1107.</subfield>
      </datafield>
      <datafield tag="830" ind1=" " ind2="0">
         <subfield code="a">Recherches d'archéologie, de philologie et d'histoire ;</subfield>
         <subfield code="v">38.</subfield>
      </datafield>
      <datafield tag="OWN" ind1=" " ind2=" ">
         <subfield code="a">GENERAL</subfield>
      </datafield>
      <datafield tag="AVA" ind1=" " ind2=" ">
         <subfield code="a">NYU50</subfield>
         <subfield code="b">NISAW</subfield>
         <subfield code="c">Small Collection</subfield>
         <subfield code="d">P323.4.E3 E88 2016</subfield>
         <subfield code="e">available</subfield>
         <subfield code="t">Available</subfield>
         <subfield code="f">1</subfield>
         <subfield code="g">0</subfield>
         <subfield code="h">N</subfield>
         <subfield code="i">0</subfield>
         <subfield code="j">SMALL</subfield>
         <subfield code="k">0</subfield>
      </datafield>
      <marc:datafield tag="852" ind1=" " ind2=" ">
         <marc:subfield code="b">Institute for the Study of the Ancient World, </marc:subfield>
         <marc:subfield code="c">Small Collection</marc:subfield>
         <marc:subfield code="e">15 East 84th St., </marc:subfield>
         <marc:subfield code="e">New York, NY  10028</marc:subfield>
      </marc:datafield>
   </record>