
  
  
  
  
  
  
  
  
 
  
  <record xsi:schemaLocation="http://www.loc.gov/MARC21/slim http://www.loc.gov/standards/marcxml/schema/MARC21slim.xsd">
      <leader>00000cam a2200565Ka 4500</leader>
      <controlfield tag="FMT">BK</controlfield>
      <controlfield tag="LDR">00000cam a2200565Ka 4500</controlfield>
      <controlfield tag="001">000757111</controlfield>
      <controlfield tag="003">OCoLC</controlfield>
      <controlfield tag="005">20160621163401.0</controlfield>
      <controlfield tag="008">000804s1999    sz ab    b    000 0deng d</controlfield>
      <datafield tag="020" ind1=" " ind2=" ">
         <subfield code="a">2940032114</subfield>
      </datafield>
      <datafield tag="020" ind1=" " ind2=" ">
         <subfield code="a">9782940032112</subfield>
      </datafield>
      <datafield tag="035" ind1=" " ind2=" ">
         <subfield code="a">(OCoLC)44723167</subfield>
      </datafield>
      <datafield tag="040" ind1=" " ind2=" ">
         <subfield code="a">NYP</subfield>
         <subfield code="b">eng</subfield>
         <subfield code="c">NYP</subfield>
         <subfield code="d">TZT</subfield>
         <subfield code="d">OCLCQ</subfield>
         <subfield code="d">YUS</subfield>
         <subfield code="d">OCLCQ</subfield>
         <subfield code="d">OCLCF</subfield>
         <subfield code="d">OCLCO</subfield>
         <subfield code="d">OCLCQ</subfield>
         <subfield code="d">NNU</subfield>
      </datafield>
      <datafield tag="041" ind1="1" ind2=" ">
         <subfield code="a">eng</subfield>
         <subfield code="a">arm</subfield>
         <subfield code="h">arm</subfield>
      </datafield>
      <datafield tag="043" ind1=" " ind2=" ">
         <subfield code="a">a-ai---</subfield>
      </datafield>
      <datafield tag="050" ind1=" " ind2="4">
         <subfield code="a">DS167</subfield>
         <subfield code="b">.K3338 1999</subfield>
      </datafield>
      <datafield tag="072" ind1=" " ind2="7">
         <subfield code="a">CN</subfield>
         <subfield code="2">lcco</subfield>
      </datafield>
      <datafield tag="082" ind1="1" ind2="4">
         <subfield code="a">920</subfield>
         <subfield code="2">1</subfield>
      </datafield>
      <datafield tag="090" ind1=" " ind2=" ">
         <subfield code="a">PK8196.7.V36</subfield>
         <subfield code="b">K35 1999</subfield>
      </datafield>
      <datafield tag="100" ind1="1" ind2=" ">
         <subfield code="a">Kalantar, Ashkharbek.</subfield>
      </datafield>
      <datafield tag="245" ind1="1" ind2="4">
         <subfield code="a">The mediaeval inscriptions of Vanstan, Armenia /</subfield>
         <subfield code="c">Ashkarbek Kalantar ; prepared for publication by Husik Melkonyan and Gagik Sarkissian ; edited by Aram Kalantarian ; translated by V.G. Gurzadyan.</subfield>
      </datafield>
      <datafield tag="260" ind1=" " ind2=" ">
         <subfield code="a">Neuchâtel :</subfield>
         <subfield code="b">Recherches et Publications,</subfield>
         <subfield code="c">1999.</subfield>
      </datafield>
      <datafield tag="300" ind1=" " ind2=" ">
         <subfield code="a">xxi, 94 pages :</subfield>
         <subfield code="b">illustrations (some color), maps ;</subfield>
         <subfield code="c">28 cm.</subfield>
      </datafield>
      <datafield tag="336" ind1=" " ind2=" ">
         <subfield code="a">text</subfield>
         <subfield code="b">txt</subfield>
         <subfield code="2">rdacontent</subfield>
      </datafield>
      <datafield tag="337" ind1=" " ind2=" ">
         <subfield code="a">unmediated</subfield>
         <subfield code="b">n</subfield>
         <subfield code="2">rdamedia</subfield>
      </datafield>
      <datafield tag="338" ind1=" " ind2=" ">
         <subfield code="a">volume</subfield>
         <subfield code="b">nc</subfield>
         <subfield code="2">rdacarrier</subfield>
      </datafield>
      <datafield tag="490" ind1="1" ind2=" ">
         <subfield code="a">Civilisations du Proche-Orient. Philologie,</subfield>
         <subfield code="x">1420-7737 ;</subfield>
         <subfield code="v">v. 2</subfield>
      </datafield>
      <datafield tag="490" ind1="1" ind2=" ">
         <subfield code="a">Scientific heritage ;</subfield>
         <subfield code="v">v. 1</subfield>
      </datafield>
      <datafield tag="500" ind1=" " ind2=" ">
         <subfield code="a">ISAW copy is from the Library of Nina Garsoïan.</subfield>
         <subfield code="5">NNU</subfield>
      </datafield>
      <datafield tag="500" ind1=" " ind2=" ">
         <subfield code="a">At head of title: National Academy of Sciences of Armenia. Institute of Archaeology and Ethnography.</subfield>
      </datafield>
      <datafield tag="504" ind1=" " ind2=" ">
         <subfield code="a">Includes bibliographical references.</subfield>
      </datafield>
      <datafield tag="505" ind1="0" ind2="0">
         <subfield code="t">Preface /</subfield>
         <subfield code="r">A. Kalantarian --</subfield>
         <subfield code="t">Biography of Ashkharbek Kalantar --</subfield>
         <subfield code="t">A. Kalantar's Published and Unpublished Works --</subfield>
         <subfield code="t">The Inscriptions of Vanstan /</subfield>
         <subfield code="r">A. Kalantar --</subfield>
         <subfield code="t">Kalantar's Studies on Epigraphy /</subfield>
         <subfield code="r">H. Melkonyan and G. Sarkissian --</subfield>
         <subfield code="t">Vanstan in the Historical Chronicles /</subfield>
         <subfield code="r">H. Melkonyan and G. Sarkissian.</subfield>
         <subfield code="g">Appendices.</subfield>
         <subfield code="g">I.</subfield>
         <subfield code="t">Preliminary Report on the Trip to Imirzek in 1912 /</subfield>
         <subfield code="r">A. Kalantar --</subfield>
         <subfield code="g">II.</subfield>
         <subfield code="t">Report Presented at the Oriental Section of the Imperial Russian Archaeological Society /</subfield>
         <subfield code="r">A. Kalantar --</subfield>
         <subfield code="g">III.</subfield>
         <subfield code="t">The Excavations of Prof. N. Marr at Ani in the Summer of 1910 /</subfield>
         <subfield code="r">A. Kalantar --</subfield>
         <subfield code="t">Glossary /</subfield>
         <subfield code="r">H. Melkonyan and G. Sarkissian.</subfield>
      </datafield>
      <datafield tag="546" ind1=" " ind2=" ">
         <subfield code="a">Parallel English and Armenian.</subfield>
      </datafield>
      <datafield tag="650" ind1=" " ind2="0">
         <subfield code="a">Inscriptions, Armenian.</subfield>
      </datafield>
      <datafield tag="600" ind1="1" ind2="0">
         <subfield code="a">Kalantar, Ashkharbek.</subfield>
      </datafield>
      <datafield tag="600" ind1="1" ind2="0">
         <subfield code="a">Kalantar, Ashkharbek</subfield>
         <subfield code="v">Bibliography.</subfield>
      </datafield>
      <datafield tag="600" ind1="1" ind2="7">
         <subfield code="a">Kʻalantʻar, Ashkharbek,</subfield>
         <subfield code="d">1884-1942.</subfield>
         <subfield code="2">fast</subfield>
         <subfield code="0">(OCoLC)fst01801079</subfield>
      </datafield>
      <datafield tag="650" ind1=" " ind2="7">
         <subfield code="a">Inscriptions, Armenian.</subfield>
         <subfield code="2">fast</subfield>
         <subfield code="0">(OCoLC)fst00973849</subfield>
      </datafield>
      <datafield tag="653" ind1=" " ind2=" ">
         <subfield code="a">Mediaeval epigraphy</subfield>
         <subfield code="a">Armenia</subfield>
      </datafield>
      <datafield tag="655" ind1=" " ind2="7">
         <subfield code="a">Bibliography.</subfield>
         <subfield code="2">fast</subfield>
         <subfield code="0">(OCoLC)fst01423717</subfield>
      </datafield>
      <datafield tag="796" ind1="1" ind2=" ">
         <subfield code="a">Garsoïan, Nina G.,</subfield>
         <subfield code="d">1923-</subfield>
         <subfield code="e">former owner.</subfield>
      </datafield>
      <datafield tag="797" ind1="2" ind2=" ">
         <subfield code="a">Garsoïan Collection.</subfield>
      </datafield>
      <datafield tag="700" ind1="1" ind2=" ">
         <subfield code="a">Melkonyan, Husik.</subfield>
      </datafield>
      <datafield tag="700" ind1="1" ind2=" ">
         <subfield code="a">Sargsyan, G. Kh.</subfield>
         <subfield code="q">(Gagik Khoreni),</subfield>
         <subfield code="d">1926-1998.</subfield>
      </datafield>
      <datafield tag="700" ind1="1" ind2=" ">
         <subfield code="a">Kalantari͡an, A. A.</subfield>
         <subfield code="q">(Aram Ashotovich)</subfield>
      </datafield>
      <datafield tag="710" ind1="2" ind2=" ">
         <subfield code="a">Hayastani Hanrapetutʻyan Gitutʻyunneri Azgayin Akademia.</subfield>
         <subfield code="b">Institute of Archaeology and Ethnography.</subfield>
      </datafield>
      <datafield tag="776" ind1="0" ind2="8">
         <subfield code="i">Online version:</subfield>
         <subfield code="a">Kalantar, Ashkharbek.</subfield>
         <subfield code="t">Mediaeval inscriptions of Vanstan, Armenia.</subfield>
         <subfield code="d">Neuchâtel : Recherches et Publications, 1999</subfield>
         <subfield code="w">(OCoLC)606882309</subfield>
      </datafield>
      <datafield tag="830" ind1=" " ind2="0">
         <subfield code="a">Scientific heritage (National Academy of Sciences of Armenia. Institute of Archaeology and Ethnography) ;</subfield>
         <subfield code="v">v. 1.</subfield>
      </datafield>
      <datafield tag="830" ind1=" " ind2="0">
         <subfield code="a">Civilisations du Proche-Orient.</subfield>
         <subfield code="n">Série II,</subfield>
         <subfield code="p">Philologie ;</subfield>
         <subfield code="v">v. 2.</subfield>
      </datafield>
      <datafield tag="OWN" ind1=" " ind2=" ">
         <subfield code="a">GENERAL</subfield>
      </datafield>
      <datafield tag="AVA" ind1=" " ind2=" ">
         <subfield code="a">NYU50</subfield>
         <subfield code="b">BOBST</subfield>
         <subfield code="c">Main Collection</subfield>
         <subfield code="d">DS167 .K3338 1999</subfield>
         <subfield code="e">unavailable</subfield>
         <subfield code="t">Unavailable</subfield>
         <subfield code="f">1</subfield>
         <subfield code="g">1</subfield>
         <subfield code="h">N</subfield>
         <subfield code="i">0</subfield>
         <subfield code="j">MAIN</subfield>
         <subfield code="k">0</subfield>
      </datafield>
      <datafield tag="AVA" ind1=" " ind2=" ">
         <subfield code="a">NYU50</subfield>
         <subfield code="b">NISAW</subfield>
         <subfield code="c">Large Collection</subfield>
         <subfield code="d">PK8196.7.V36 K35 1999</subfield>
         <subfield code="e">available</subfield>
         <subfield code="t">Available</subfield>
         <subfield code="f">1</subfield>
         <subfield code="g">0</subfield>
         <subfield code="h">N</subfield>
         <subfield code="i">0</subfield>
         <subfield code="j">LARGE</subfield>
         <subfield code="k">0</subfield>
      </datafield>
      <marc:datafield tag="852" ind1=" " ind2=" ">
         <marc:subfield code="b">Institute for the Study of the Ancient World, </marc:subfield>
         <marc:subfield code="c">Large Collection</marc:subfield>
         <marc:subfield code="e">15 East 84th St., </marc:subfield>
         <marc:subfield code="e">New York, NY  10028</marc:subfield>
      </marc:datafield>
   </record>