
  
  
  
  
  
  
  
 
  
  <record xsi:schemaLocation="http://www.loc.gov/MARC21/slim http://www.loc.gov/standards/marcxml/schema/MARC21slim.xsd">
      <leader>00000cam a2200349 a 4500</leader>
      <controlfield tag="FMT">BK</controlfield>
      <controlfield tag="LDR">00000cam a2200349 a 4500</controlfield>
      <controlfield tag="001">000963923</controlfield>
      <controlfield tag="003">NNU</controlfield>
      <controlfield tag="005">20160616163312.0</controlfield>
      <controlfield tag="008">030501s2003    ctuab    bc   001 0 eng d</controlfield>
      <datafield tag="015" ind1=" " ind2=" ">
         <subfield code="a">GBA3-Y4086</subfield>
      </datafield>
      <datafield tag="020" ind1=" " ind2=" ">
         <subfield code="a">1588390438 (hc.)</subfield>
      </datafield>
      <datafield tag="020" ind1=" " ind2=" ">
         <subfield code="a">1588390446 (pbk.)</subfield>
      </datafield>
      <datafield tag="020" ind1=" " ind2=" ">
         <subfield code="a">0300098839 (Yale)</subfield>
      </datafield>
      <datafield tag="035" ind1="9" ind2=" ">
         <subfield code="a">NYUb12777489</subfield>
      </datafield>
      <datafield tag="035" ind1=" " ind2=" ">
         <subfield code="a">(NNMM).b13367225</subfield>
      </datafield>
      <datafield tag="035" ind1=" " ind2=" ">
         <subfield code="a">(CStRLIN)NYMA03-B6686</subfield>
      </datafield>
      <datafield tag="035" ind1=" " ind2=" ">
         <subfield code="a">(NYU)NYUb12777489</subfield>
      </datafield>
      <datafield tag="040" ind1=" " ind2=" ">
         <subfield code="a">StDuBDS</subfield>
         <subfield code="c">StDuBDS</subfield>
         <subfield code="d">Uk</subfield>
         <subfield code="d">NNMM</subfield>
         <subfield code="d">NNU</subfield>
      </datafield>
      <datafield tag="043" ind1=" " ind2=" ">
         <subfield code="a">aw-----</subfield>
      </datafield>
      <datafield tag="050" ind1="0" ind2="0">
         <subfield code="a">N5330</subfield>
         <subfield code="b">.A68 2003</subfield>
      </datafield>
      <datafield tag="082" ind1="0" ind2="4">
         <subfield code="a">709.5609013</subfield>
         <subfield code="2">21</subfield>
      </datafield>
      <datafield tag="245" ind1="0" ind2="0">
         <subfield code="a">Art of the first cities :</subfield>
         <subfield code="b">the third millennium B.C. from the Mediterranean to the Indus /</subfield>
         <subfield code="c">edited by Joan Aruz ; with Ronald Wallenfels.</subfield>
      </datafield>
      <datafield tag="260" ind1=" " ind2=" ">
         <subfield code="a">New York :</subfield>
         <subfield code="b">Metropolitan Museum of Art ;</subfield>
         <subfield code="a">New Haven :</subfield>
         <subfield code="b">Yale University Press,</subfield>
         <subfield code="c">c2003.</subfield>
      </datafield>
      <datafield tag="300" ind1=" " ind2=" ">
         <subfield code="a">xxiv, 540 p. :</subfield>
         <subfield code="b">ill. (chiefly col.), 1 map ;</subfield>
         <subfield code="c">32 cm.</subfield>
      </datafield>
      <datafield tag="500" ind1=" " ind2=" ">
         <subfield code="a">ISAW copy is from the Library of Nina Garsoïan.</subfield>
         <subfield code="5">NNU</subfield>
      </datafield>
      <datafield tag="504" ind1=" " ind2=" ">
         <subfield code="a">Includes bibliographical references (p. 499-523) and index.</subfield>
      </datafield>
      <datafield tag="500" ind1=" " ind2=" ">
         <subfield code="a">Catalog of an exhibition held at the Metropolitan Museum of Art, New York, May 8-Aug. 17, 2003.</subfield>
      </datafield>
      <datafield tag="505" ind1="0" ind2="0">
         <subfield code="t">Art of the first cities /</subfield>
         <subfield code="r">Joan Aruz --</subfield>
         <subfield code="t">Uruk and the formation of the city /</subfield>
         <subfield code="r">Hans J. Nissen --</subfield>
         <subfield code="t">Art of the early city-states /</subfield>
         <subfield code="r">Donald P. Hansen --</subfield>
         <subfield code="t">Proto-Elamite period /</subfield>
         <subfield code="r">Holly Pittman --</subfield>
         <subfield code="t">Fara /</subfield>
         <subfield code="r">Joachim Marzahn --</subfield>
         <subfield code="t">Excavations in the Diyala Region /</subfield>
         <subfield code="r">Karen L. Wilson --</subfield>
         <subfield code="t">Stone sculpture production /</subfield>
         <subfield code="r">Jean-Francois de Laperouse --</subfield>
         <subfield code="t">Nippur /</subfield>
         <subfield code="r">Jean M. Evans --</subfield>
         <subfield code="t">Tello (Ancient Girsu) /</subfield>
         <subfield code="r">Béatrice André-Salvini --</subfield>
         <subfield code="t">Metalworking techniques /</subfield>
         <subfield code="r">Jean-François de Lapérouse --</subfield>
         <subfield code="t">Al Ubaid /</subfield>
         <subfield code="r">Paul Collins --</subfield>
         <subfield code="t">Kish /</subfield>
         <subfield code="r">Paul Collins --</subfield>
         <subfield code="t">Royal tombs of Ur /</subfield>
         <subfield code="r">Julian Reade --</subfield>
         <subfield code="t">Tomb of Puabi /</subfield>
         <subfield code="r">Paul Collins --</subfield>
         <subfield code="t">Great death pit at Ur /</subfield>
         <subfield code="r">Julian Reade --</subfield>
         <subfield code="t">Mari and the Syro-Mesopotamian world /</subfield>
         <subfield code="r">Jean-Claude Margueron --</subfield>
         <subfield code="t">Treasure of Ur from Mari /</subfield>
         <subfield code="r">Nadja Cholidis --</subfield>
         <subfield code="t">Ebla and the early urbanization of Syria /</subfield>
         <subfield code="r">Paolo Matthiae --</subfield>
         <subfield code="t">Tell Umm el-Marra /</subfield>
         <subfield code="r">Glenn M. Schwartz --</subfield>
         <subfield code="t">Tell Banat /</subfield>
         <subfield code="r">Anne Porter and Thomas McClellan --</subfield>
         <subfield code="t">Art of the Akkadian Dynasty /</subfield>
      </datafield>
      <datafield tag="505" ind1="0" ind2="0">
         <subfield code="9"/>
         <subfield code="r">Donald P. Hansen --</subfield>
         <subfield code="t">Lost-wax casting /</subfield>
         <subfield code="r">Jean-François de Lapérouse --</subfield>
         <subfield code="t">Tell Mozan (Ancient Urkesh) /</subfield>
         <subfield code="r">Giorgio Buccellati and Marilyn Kelly-Buccellati --</subfield>
         <subfield code="t">Tell Brak in the Akkadian period /</subfield>
         <subfield code="r">Jean M. Evans --</subfield>
         <subfield code="t">Art and interconnections in the third millennium B.C. /</subfield>
         <subfield code="r">Joan Aruz --</subfield>
         <subfield code="t">Egypt and the Near East in the third millennium B.C./</subfield>
         <subfield code="r">James P. Allen --</subfield>
         <subfield code="t">Aegean and Western Anatolia /</subfield>
         <subfield code="r">Claus Reinholdt --</subfield>
         <subfield code="t">Early bronze age jewelry hoard from Kolonna, Aigina /</subfield>
         <subfield code="r">Claus Reinholdt --</subfield>
         <subfield code="t">Troy /</subfield>
         <subfield code="r">Eleni Drakaki --</subfield>
         <subfield code="t">Poliochni and the civilization of the Northeastern Aegean /</subfield>
         <subfield code="r">Lena Papazoglou-Manioudaki --</subfield>
         <subfield code="t">Central Anatolian plateau : the tombs of Alaca H[232}oyük /</subfield>
         <subfield code="r">Oscar White Muscarella --</subfield>
         <subfield code="t">North Caucasus /</subfield>
         <subfield code="r">Elena Izbitser --</subfield>
         <subfield code="t">Maikop (Oshad) kurgan /</subfield>
         <subfield code="r">Yuri Piotrovsky --</subfield>
         <subfield code="t">Novosvobodnay /</subfield>
         <subfield code="r">Yuri Piotrovsky --</subfield>
         <subfield code="t">Susa /</subfield>
         <subfield code="r">Paul Collins --</subfield>
         <subfield code="t">Gulf : Dilmun and Magan /</subfield>
         <subfield code="r">D.T. Potts --</subfield>
         <subfield code="t">Copper alloys and metal sources /</subfield>
         <subfield code="r">Jean-François de Lapérouse --</subfield>
         <subfield code="t">Tell Abraq /</subfield>
      </datafield>
      <datafield tag="505" ind1="0" ind2="0">
         <subfield code="9"/>
         <subfield code="r">Paul Collins --</subfield>
         <subfield code="t">Island of Tarut /</subfield>
         <subfield code="r">Paul Collins --</subfield>
         <subfield code="t">Intercultural style carved chlorite objects /</subfield>
         <subfield code="r">Joan Aruz --</subfield>
         <subfield code="t">Pathways across Eurasia /</subfield>
         <subfield code="r">Maurizio Tosi and C.C. Lamberg-Karlovsky --</subfield>
         <subfield code="t">Altyn-depe /</subfield>
         <subfield code="r">Yuri Piotrovsky --</subfield>
         <subfield code="t">Gonur-depe /</subfield>
         <subfield code="r">Elisabetta Valtz Fino --</subfield>
         <subfield code="t">Indus Civilization /</subfield>
         <subfield code="r">Jonathan Mark Kenoyer --</subfield>
         <subfield code="t">Baluchistan /</subfield>
         <subfield code="r">Paul Collins --</subfield>
         <subfield code="t">Cities of the Indus Valley /</subfield>
         <subfield code="r">Paul Collins --</subfield>
         <subfield code="t">Beads of the Indus Valley /</subfield>
         <subfield code="r">Jonathan Mark Kenoyer --</subfield>
         <subfield code="t">Approaching the divine /</subfield>
         <subfield code="r">Jean M. Evans --</subfield>
         <subfield code="t">Rediscovery of Gudea statuary in the Hellenistic period /</subfield>
         <subfield code="r">Béatrice André-Salvini --</subfield>
         <subfield code="t">Earliest scholastic tradition /</subfield>
         <subfield code="r">Piotr Michalowski --</subfield>
         <subfield code="t">Uruk and the world of Gilgamesh /</subfield>
         <subfield code="r">Beate Salje --</subfield>
         <subfield code="t">Mesopotamian legacy /</subfield>
         <subfield code="r">Ira Spar.</subfield>
      </datafield>
      <datafield tag="650" ind1=" " ind2="0">
         <subfield code="a">Art, Ancient</subfield>
         <subfield code="z">Middle East</subfield>
         <subfield code="v">Exhibitions.</subfield>
      </datafield>
      <datafield tag="650" ind1=" " ind2="0">
         <subfield code="a">Civilization, Ancient</subfield>
         <subfield code="v">Exhibitions.</subfield>
      </datafield>
      <datafield tag="650" ind1=" " ind2="0">
         <subfield code="a">Cities and towns, Ancient</subfield>
         <subfield code="z">Middle East.</subfield>
      </datafield>
      <datafield tag="651" ind1=" " ind2="0">
         <subfield code="a">Middle East</subfield>
         <subfield code="x">Antiquities</subfield>
         <subfield code="v">Exhibitions.</subfield>
      </datafield>
      <datafield tag="796" ind1="1" ind2=" ">
         <subfield code="a">Garsoïan, Nina G.,</subfield>
         <subfield code="d">1923-</subfield>
         <subfield code="e">former owner.</subfield>
      </datafield>
      <datafield tag="797" ind1="2" ind2=" ">
         <subfield code="a">Garsoïan Collection.</subfield>
      </datafield>
      <datafield tag="700" ind1="1" ind2=" ">
         <subfield code="a">Aruz, Joan.</subfield>
      </datafield>
      <datafield tag="700" ind1="1" ind2=" ">
         <subfield code="a">Wallenfels, Ronald.</subfield>
      </datafield>
      <datafield tag="710" ind1="2" ind2=" ">
         <subfield code="a">Metropolitan Museum of Art (New York, N.Y.)</subfield>
      </datafield>
      <datafield tag="OWN" ind1=" " ind2=" ">
         <subfield code="a">GENERAL</subfield>
      </datafield>
      <datafield tag="AVA" ind1=" " ind2=" ">
         <subfield code="a">NYU50</subfield>
         <subfield code="b">BOBST</subfield>
         <subfield code="c">Main Collection</subfield>
         <subfield code="d">N5330 .A68 2003</subfield>
         <subfield code="e">unavailable</subfield>
         <subfield code="t">Unavailable</subfield>
         <subfield code="f">1</subfield>
         <subfield code="g">1</subfield>
         <subfield code="h">N</subfield>
         <subfield code="i">17</subfield>
         <subfield code="j">MAIN</subfield>
         <subfield code="k">0</subfield>
      </datafield>
      <datafield tag="AVA" ind1=" " ind2=" ">
         <subfield code="a">NYU50</subfield>
         <subfield code="b">CU</subfield>
         <subfield code="c">Main Collection</subfield>
         <subfield code="d">N5330 .A68 2003</subfield>
         <subfield code="e">available</subfield>
         <subfield code="t">Available</subfield>
         <subfield code="f">1</subfield>
         <subfield code="g">0</subfield>
         <subfield code="h">N</subfield>
         <subfield code="i">33</subfield>
         <subfield code="j">MAIN</subfield>
         <subfield code="k">0</subfield>
      </datafield>
      <datafield tag="AVA" ind1=" " ind2=" ">
         <subfield code="a">NYU50</subfield>
         <subfield code="b">NIFA</subfield>
         <subfield code="c">Main Collection</subfield>
         <subfield code="d">N5330 .A68 2003 Non-circulating</subfield>
         <subfield code="e">available</subfield>
         <subfield code="t">Available</subfield>
         <subfield code="f">1</subfield>
         <subfield code="g">0</subfield>
         <subfield code="h">N</subfield>
         <subfield code="i">0</subfield>
         <subfield code="j">MAIN</subfield>
         <subfield code="k">0</subfield>
      </datafield>
      <datafield tag="AVA" ind1=" " ind2=" ">
         <subfield code="a">NYU50</subfield>
         <subfield code="b">NISAW</subfield>
         <subfield code="c">Large Collection</subfield>
         <subfield code="d">N5330 .A68 2003</subfield>
         <subfield code="e">available</subfield>
         <subfield code="t">Available</subfield>
         <subfield code="f">1</subfield>
         <subfield code="g">0</subfield>
         <subfield code="h">N</subfield>
         <subfield code="i">0</subfield>
         <subfield code="j">LARGE</subfield>
         <subfield code="k">0</subfield>
      </datafield>
      <marc:datafield tag="852" ind1=" " ind2=" ">
         <marc:subfield code="b">Institute for the Study of the Ancient World, </marc:subfield>
         <marc:subfield code="c">Large Collection</marc:subfield>
         <marc:subfield code="e">15 East 84th St., </marc:subfield>
         <marc:subfield code="e">New York, NY  10028</marc:subfield>
      </marc:datafield>
      <datafield tag="AVA" ind1=" " ind2=" ">
         <subfield code="a">NYU50</subfield>
         <subfield code="b">NYSID</subfield>
         <subfield code="c">Main Collection</subfield>
         <subfield code="d">N5330 .A68 2003</subfield>
         <subfield code="e">available</subfield>
         <subfield code="t">Available</subfield>
         <subfield code="f">1</subfield>
         <subfield code="g">0</subfield>
         <subfield code="h">N</subfield>
         <subfield code="i">0</subfield>
         <subfield code="j">MAIN</subfield>
         <subfield code="k">0</subfield>
      </datafield>
      <datafield tag="AVA" ind1=" " ind2=" ">
         <subfield code="a">NYU50</subfield>
         <subfield code="b">TNSGI</subfield>
         <subfield code="c">Main Collection</subfield>
         <subfield code="d">N5330 .A68 2003</subfield>
         <subfield code="e">available</subfield>
         <subfield code="t">Available</subfield>
         <subfield code="f">1</subfield>
         <subfield code="g">0</subfield>
         <subfield code="h">N</subfield>
         <subfield code="i">9</subfield>
         <subfield code="j">MAIN</subfield>
         <subfield code="k">0</subfield>
      </datafield>
   </record>