
  
  
  
  
  
  
  
  
  
 
  
  <record xsi:schemaLocation="http://www.loc.gov/MARC21/slim http://www.loc.gov/standards/marcxml/schema/MARC21slim.xsd">
      <leader>00000cam a2200649 a 4500</leader>
      <controlfield tag="FMT">BK</controlfield>
      <controlfield tag="LDR">00000cam a2200649 a 4500</controlfield>
      <controlfield tag="001">003309017</controlfield>
      <controlfield tag="003">OCoLC</controlfield>
      <controlfield tag="005">20160622150841.0</controlfield>
      <controlfield tag="008">100212s2009    gw a     b    010 0 eng c</controlfield>
      <datafield tag="016" ind1="7" ind2=" ">
         <subfield code="a">999157531</subfield>
         <subfield code="2">DE-101</subfield>
      </datafield>
      <datafield tag="020" ind1=" " ind2=" ">
         <subfield code="a">9783805341011 (hd.bd.)</subfield>
      </datafield>
      <datafield tag="020" ind1=" " ind2=" ">
         <subfield code="a">3805341016 (hd.bd.)</subfield>
      </datafield>
      <datafield tag="035" ind1="7" ind2=" ">
         <subfield code="a">har095010861</subfield>
      </datafield>
      <datafield tag="035" ind1=" " ind2=" ">
         <subfield code="a">(OCoLC)517259447</subfield>
      </datafield>
      <datafield tag="040" ind1=" " ind2=" ">
         <subfield code="a">OHX</subfield>
         <subfield code="c">OHX</subfield>
         <subfield code="d">JPG</subfield>
         <subfield code="d">GEBAY</subfield>
         <subfield code="d">UBY</subfield>
         <subfield code="d">YDXCP</subfield>
         <subfield code="d">NNU</subfield>
      </datafield>
      <datafield tag="042" ind1=" " ind2=" ">
         <subfield code="a">pcc</subfield>
      </datafield>
      <datafield tag="043" ind1=" " ind2=" ">
         <subfield code="a">mm-----</subfield>
      </datafield>
      <datafield tag="050" ind1=" " ind2="4">
         <subfield code="a">N7852.5</subfield>
         <subfield code="b">.A53 2009</subfield>
      </datafield>
      <datafield tag="066" ind1=" " ind2=" ">
         <subfield code="c">(S</subfield>
      </datafield>
      <datafield tag="072" ind1=" " ind2="7">
         <subfield code="a">DF</subfield>
         <subfield code="2">lcco</subfield>
      </datafield>
      <datafield tag="072" ind1=" " ind2="7">
         <subfield code="a">N</subfield>
         <subfield code="2">lcco</subfield>
      </datafield>
      <datafield tag="082" ind1="1" ind2="4">
         <subfield code="a">709.0214</subfield>
         <subfield code="2">22/ger</subfield>
      </datafield>
      <datafield tag="245" ind1="0" ind2="0">
         <subfield code="6">880-01</subfield>
         <subfield code="a">Anathēmata heortika :</subfield>
         <subfield code="b">studies in honor of Thomas F. Mathews /</subfield>
         <subfield code="c">edited by Joseph D. Alchermes with Helen C. Evans and Thelma K. Thomas.</subfield>
      </datafield>
      <datafield tag="246" ind1="3" ind2=" ">
         <subfield code="a">Anathēmata eortika</subfield>
      </datafield>
      <datafield tag="260" ind1=" " ind2=" ">
         <subfield code="a">Mainz :</subfield>
         <subfield code="b">Philipp von Zabern,</subfield>
         <subfield code="c">c2009.</subfield>
      </datafield>
      <datafield tag="300" ind1=" " ind2=" ">
         <subfield code="a">346 p., 34 p. of plates :</subfield>
         <subfield code="b">ill. (some col.) ;</subfield>
         <subfield code="c">29 cm.</subfield>
      </datafield>
      <datafield tag="500" ind1=" " ind2=" ">
         <subfield code="a">ISAW copy is from the Library of Nina Garsoïan.</subfield>
         <subfield code="5">NNU</subfield>
      </datafield>
      <datafield tag="500" ind1=" " ind2=" ">
         <subfield code="a">Festschrift.</subfield>
      </datafield>
      <datafield tag="504" ind1=" " ind2=" ">
         <subfield code="a">Includes bibliographical references.</subfield>
      </datafield>
      <datafield tag="505" ind1="0" ind2="0">
         <subfield code="t">Notes on Roman Refrigeria /</subfield>
         <subfield code="r">Joseph D. Alchermes --</subfield>
         <subfield code="t">The Vienna Dioscorides and Portraits That Tell Stories /</subfield>
         <subfield code="r">Jeffrey C. Anderson --</subfield>
         <subfield code="t">The Missing Link : Filling the Gap in the Evolution of Medieval Domestic Looms /</subfield>
         <subfield code="r">Jennifer Ball --</subfield>
         <subfield code="t">Thoughts on Byzantine Dynastic Marriage Policies : Or, Were the Palaiologoi Really Italians? /</subfield>
         <subfield code="r">John W. Barker --</subfield>
         <subfield code="t">The Iconography of the Eucharist? Early Byzantine Painting, the Prothesis, and the Red Monastery /</subfield>
         <subfield code="r">Elizabeth S. Bolman --</subfield>
         <subfield code="t">A Note on a Newly Discovered Copper Repoussé Panel : The Icon of Saint John Chrysostom in the Loeb Art Center, Vassar College /</subfield>
         <subfield code="r">Sarah T. Brooks --</subfield>
         <subfield code="t">Eighth-Century Iconoclasms : Arab, Byzantine, Carolingian, and Palestinian /</subfield>
         <subfield code="r">Leslie Brubaker --</subfield>
         <subfield code="t">The Lost Mosaics of Constantinople and the Middle Byzantine Program of Church Decoration /</subfield>
         <subfield code="r">Carolyn L. Connor --</subfield>
         <subfield code="t">The Three Hebrews in the Fiery Furnace : An Early Byzantine Icon at Mt. Sinai /</subfield>
         <subfield code="r">Kathleen Corrigan --</subfield>
         <subfield code="t">Silk, Missions, and a Crusade : Two Seventeenth-Century Plays against the Backdrop of Franco-Armenian Political, Economic, and Cultural Interchange /</subfield>
         <subfield code="r">S.Peter Cowe --</subfield>
         <subfield code="t">Secular and Sacred in Byzantine Architecture /</subfield>
         <subfield code="r">Slobodan Ćurčić --</subfield>
         <subfield code="t">The Lansdowne Fragment and the Sex of Angels /</subfield>
         <subfield code="r">Anthony Cutler --</subfield>
         <subfield code="t">Pre-Constantinian Floor Mosaics in Istanbul /</subfield>
         <subfield code="r">Örgü Dalgiç --</subfield>
         <subfield code="t">Some Notes on Hunting in Byzantium /</subfield>
         <subfield code="r">George T. Dennis --</subfield>
         <subfield code="t">Painting the Liturgy in a Non-Chalcedonian Church /</subfield>
         <subfield code="r">Erica Cruikshank Dodd --</subfield>
         <subfield code="t">Humility Studies : Historiography as Biography, Kunstgeschichte as Need /</subfield>
         <subfield code="r">Colin Eisler --</subfield>
         <subfield code="t">West to East and East to West : Notes on Cilician Armenian Illumination and the Franciscans in the Thirteenth Century /</subfield>
         <subfield code="r">Helen C. Evans --</subfield>
         <subfield code="t">Prokentema : An Architectural Model in Melito? /</subfield>
         <subfield code="r">Paul Corby Finney --</subfield>
      </datafield>
      <datafield tag="505" ind1="8" ind2="0">
         <subfield code="t">Byzantine Chrysography in Crusader Art and Italian Maniera Greca Painting /</subfield>
         <subfield code="r">Jaroslav Folda --</subfield>
         <subfield code="t">Iranian Sources on Early Christian Armenian History : An Underexploited Fund /</subfield>
         <subfield code="r">Nina G. Garsoïan --</subfield>
         <subfield code="t">New "Tiles of Nicomedia" and Architectural Polychromy in Medieval Byzantium /</subfield>
         <subfield code="r">Sharon E. J. Gerstel --</subfield>
         <subfield code="t">An Icon of the Theotokos Surnamed the Roman /</subfield>
         <subfield code="r">Angela Constantinides Hero --</subfield>
         <subfield code="t">Middle Byzantine Art and Architecture in Cappadocia : The Ala Kilise in Belisırma in the Peristrema Valley /</subfield>
         <subfield code="r">Veronica Kalas --</subfield>
         <subfield code="t">Old Friends /</subfield>
         <subfield code="r">Dale Kinney --</subfield>
         <subfield code="t">James D. Robertson's Photographic Views of Constantinople (1853) /</subfield>
         <subfield code="r">W. Eugene Kleinbauer --</subfield>
         <subfield code="t">Celebrating Pleasure and Wealth : A New Mosaic at the Museum of Fine Arts, Boston /</subfield>
         <subfield code="r">Christine Kondoleon --</subfield>
         <subfield code="t">The Armenian Right Arm Reliquary of St. Nicholas /</subfield>
         <subfield code="r">Dickran Kouymjian --</subfield>
         <subfield code="t">The Disembodied Hand, the Prokypsis, and the Templon Screen /</subfield>
         <subfield code="r">Henry Maguire --</subfield>
         <subfield code="t">Alexander at Ani : Correspondences between Venice MS 424 and Frescoes at the Church of Tigran Honents' /</subfield>
         <subfield code="r">Christina Maranci --</subfield>
         <subfield code="t">Toronto's Unique Crusader Icon /</subfield>
         <subfield code="r">A. Dean McKenzie --</subfield>
         <subfield code="t">"This Unnatural Flow" : Bleeding Demons in the Supplicationes variae, the Arena Chapel, and Notre-Dame des Fontaines, La Brigue /</subfield>
         <subfield code="r">Amy Neff and Anne Derbes --</subfield>
         <subfield code="t">Frik: The Bridge of Poetry /</subfield>
         <subfield code="r">James R. Russell --</subfield>
         <subfield code="t">An Epigram for Saint Anastasia Pharmakolitria Commissioned by the Panhypersebaste Irene Palaiologina /</subfield>
         <subfield code="r">Edmund Campion Ryde --</subfield>
         <subfield code="t">Sin and Redemption, Sexuality and Gender : Adam and Eve in the Funerary Art of Late Antique Rome /</subfield>
         <subfield code="r">Sharon Salvadori --</subfield>
         <subfield code="t">The Ghassanid Structure Outside Sergiopolis/Rusafa: Church or Praetorium? /</subfield>
         <subfield code="r">Irfan Shahîd --</subfield>
         <subfield code="t">When Did the Catechumenate Die Out in Constantinople? /</subfield>
         <subfield code="r">Robert F. Taft --</subfield>
         <subfield code="t">Gender and Ritual : Mosaic Panels of Justinian and Theodora in San Vitale /</subfield>
         <subfield code="r">Natalia Teteriatnikov --</subfield>
      </datafield>
      <datafield tag="505" ind1="8" ind2="0">
         <subfield code="t">From Curiosities to Objects of Art : Modern Reception of Late Antique Egyptian Textiles as Reflected in Dikran Kelekian's Textile Album of ca. 1910 /</subfield>
         <subfield code="r">Thelma K. Thomas --</subfield>
         <subfield code="t">Coping with the Imported Past : A Theme in Greek and Greek American Church Architecture /</subfield>
         <subfield code="r">John J. Yiannias.</subfield>
      </datafield>
      <datafield tag="600" ind1="1" ind2="0">
         <subfield code="a">Mathews, Thomas F.</subfield>
         <subfield code="v">Bibliography.</subfield>
      </datafield>
      <datafield tag="650" ind1=" " ind2="0">
         <subfield code="a">Art, Byzantine.</subfield>
      </datafield>
      <datafield tag="650" ind1=" " ind2="0">
         <subfield code="a">Art, Early Christian.</subfield>
      </datafield>
      <datafield tag="651" ind1=" " ind2="0">
         <subfield code="a">Byzantine Empire</subfield>
         <subfield code="x">History.</subfield>
      </datafield>
      <datafield tag="796" ind1="1" ind2=" ">
         <subfield code="a">Garsoïan, Nina G.,</subfield>
         <subfield code="d">1923-</subfield>
         <subfield code="e">former owner.</subfield>
      </datafield>
      <datafield tag="797" ind1="2" ind2=" ">
         <subfield code="a">Garsoïan Collection.</subfield>
      </datafield>
      <datafield tag="700" ind1="1" ind2=" ">
         <subfield code="a">Mathews, Thomas F.</subfield>
      </datafield>
      <datafield tag="700" ind1="1" ind2=" ">
         <subfield code="a">Alchermes, Joseph D.</subfield>
      </datafield>
      <datafield tag="700" ind1="1" ind2=" ">
         <subfield code="a">Evans, Helen C.</subfield>
      </datafield>
      <datafield tag="700" ind1="1" ind2=" ">
         <subfield code="a">Thomas, Thelma K.</subfield>
      </datafield>
      <datafield tag="880" ind1="0" ind2="0">
         <subfield code="6">245-01/</subfield>
         <subfield code="a">̓Αναθ́ηματα ̔εορτικ́α</subfield>
      </datafield>
      <datafield tag="OWN" ind1=" " ind2=" ">
         <subfield code="a">GENERAL</subfield>
      </datafield>
      <datafield tag="AVA" ind1=" " ind2=" ">
         <subfield code="a">NYU50</subfield>
         <subfield code="b">BOBST</subfield>
         <subfield code="c">Main Collection</subfield>
         <subfield code="d">N7852.5 .A53 2009</subfield>
         <subfield code="e">available</subfield>
         <subfield code="t">Available</subfield>
         <subfield code="f">1</subfield>
         <subfield code="g">0</subfield>
         <subfield code="h">N</subfield>
         <subfield code="i">6</subfield>
         <subfield code="j">MAIN</subfield>
         <subfield code="k">0</subfield>
      </datafield>
      <datafield tag="AVA" ind1=" " ind2=" ">
         <subfield code="a">NYU50</subfield>
         <subfield code="b">NIFA</subfield>
         <subfield code="c">Main Collection</subfield>
         <subfield code="d">N7852.5 .A53 2009 Non-circulating</subfield>
         <subfield code="e">available</subfield>
         <subfield code="t">Available</subfield>
         <subfield code="f">1</subfield>
         <subfield code="g">0</subfield>
         <subfield code="h">N</subfield>
         <subfield code="i">0</subfield>
         <subfield code="j">MAIN</subfield>
         <subfield code="k">0</subfield>
      </datafield>
      <datafield tag="AVA" ind1=" " ind2=" ">
         <subfield code="a">NYU50</subfield>
         <subfield code="b">NISAW</subfield>
         <subfield code="c">Large Collection</subfield>
         <subfield code="d">N7852.5 .A53 2009</subfield>
         <subfield code="e">available</subfield>
         <subfield code="t">Available</subfield>
         <subfield code="f">1</subfield>
         <subfield code="g">0</subfield>
         <subfield code="h">N</subfield>
         <subfield code="i">0</subfield>
         <subfield code="j">LARGE</subfield>
         <subfield code="k">0</subfield>
      </datafield>
      <marc:datafield tag="852" ind1=" " ind2=" ">
         <marc:subfield code="b">Institute for the Study of the Ancient World, </marc:subfield>
         <marc:subfield code="c">Large Collection</marc:subfield>
         <marc:subfield code="e">15 East 84th St., </marc:subfield>
         <marc:subfield code="e">New York, NY  10028</marc:subfield>
      </marc:datafield>
   </record>