
  
  
  
  
  
  
  
  
  
 
  
  <record xsi:schemaLocation="http://www.loc.gov/MARC21/slim http://www.loc.gov/standards/marcxml/schema/MARC21slim.xsd">
      <leader>00000cam a2200757 a 4500</leader>
      <controlfield tag="FMT">BK</controlfield>
      <controlfield tag="LDR">00000cam a2200757 a 4500</controlfield>
      <controlfield tag="001">003475773</controlfield>
      <controlfield tag="003">OCoLC</controlfield>
      <controlfield tag="005">20160617100226.0</controlfield>
      <controlfield tag="008">110610s2011    fr       b    000 0 fre c</controlfield>
      <datafield tag="010" ind1=" " ind2=" ">
         <subfield code="a">2012445174</subfield>
      </datafield>
      <datafield tag="016" ind1="7" ind2=" ">
         <subfield code="a">015824086</subfield>
         <subfield code="2">Uk</subfield>
      </datafield>
      <datafield tag="020" ind1=" " ind2=" ">
         <subfield code="a">9782910640309</subfield>
      </datafield>
      <datafield tag="020" ind1=" " ind2=" ">
         <subfield code="a">2910640302</subfield>
      </datafield>
      <datafield tag="035" ind1=" " ind2=" ">
         <subfield code="a">(OCoLC)744712932</subfield>
         <subfield code="z">(OCoLC)768167682</subfield>
      </datafield>
      <datafield tag="040" ind1=" " ind2=" ">
         <subfield code="a">NNU</subfield>
         <subfield code="b">eng</subfield>
         <subfield code="c">N15</subfield>
         <subfield code="d">DLC</subfield>
         <subfield code="d">TZT</subfield>
         <subfield code="d">CUY</subfield>
         <subfield code="d">UKMGB</subfield>
         <subfield code="d">ERASA</subfield>
         <subfield code="d">PAU</subfield>
         <subfield code="d">BTCTA</subfield>
         <subfield code="d">ZCU</subfield>
         <subfield code="d">XII</subfield>
         <subfield code="d">CDX</subfield>
         <subfield code="d">YDXCP</subfield>
         <subfield code="d">OCLCQ</subfield>
         <subfield code="d">OCLCF</subfield>
         <subfield code="d">NNU</subfield>
      </datafield>
      <datafield tag="041" ind1="0" ind2=" ">
         <subfield code="a">fre</subfield>
         <subfield code="a">ger</subfield>
         <subfield code="b">eng</subfield>
         <subfield code="b">fre</subfield>
      </datafield>
      <datafield tag="042" ind1=" " ind2=" ">
         <subfield code="a">pcc</subfield>
      </datafield>
      <datafield tag="043" ind1=" " ind2=" ">
         <subfield code="a">a-ir---</subfield>
         <subfield code="a">a-ai---</subfield>
         <subfield code="a">a-tu---</subfield>
      </datafield>
      <datafield tag="050" ind1="0" ind2="0">
         <subfield code="a">BR1115.I7</subfield>
         <subfield code="b">I85 2011</subfield>
      </datafield>
      <datafield tag="082" ind1="1" ind2="4">
         <subfield code="a">290</subfield>
         <subfield code="2">1</subfield>
      </datafield>
      <datafield tag="245" ind1="0" ind2="0">
         <subfield code="a">Itinéraires missionnaires :</subfield>
         <subfield code="b">échanges et identités /</subfield>
         <subfield code="c">textes réunis par Christelle Jullien.</subfield>
      </datafield>
      <datafield tag="260" ind1=" " ind2=" ">
         <subfield code="a">Paris :</subfield>
         <subfield code="b">Association pour l'avancement des études iraniennes,</subfield>
         <subfield code="c">2011.0</subfield>
      </datafield>
      <datafield tag="300" ind1=" " ind2=" ">
         <subfield code="a">235 pages ;</subfield>
         <subfield code="c">27 cm.</subfield>
      </datafield>
      <datafield tag="336" ind1=" " ind2=" ">
         <subfield code="a">text</subfield>
         <subfield code="b">txt</subfield>
         <subfield code="2">rdacontent</subfield>
      </datafield>
      <datafield tag="337" ind1=" " ind2=" ">
         <subfield code="a">unmediated</subfield>
         <subfield code="b">n</subfield>
         <subfield code="2">rdamedia</subfield>
      </datafield>
      <datafield tag="338" ind1=" " ind2=" ">
         <subfield code="a">volume</subfield>
         <subfield code="b">nc</subfield>
         <subfield code="2">rdacarrier</subfield>
      </datafield>
      <datafield tag="490" ind1="1" ind2=" ">
         <subfield code="a">Studia Iranica. Cahier,</subfield>
         <subfield code="x">0993-8699 ;</subfield>
         <subfield code="v">44.</subfield>
      </datafield>
      <datafield tag="490" ind1="1" ind2=" ">
         <subfield code="a">Chrétiens en terre d'Iran ;</subfield>
         <subfield code="v">v. 4</subfield>
      </datafield>
      <datafield tag="546" ind1=" " ind2=" ">
         <subfield code="a">Five contributions in French and 1 in German. French and English summaries.</subfield>
      </datafield>
      <datafield tag="500" ind1=" " ind2=" ">
         <subfield code="a">Published under the auspices of the Unité mixte de recherche "Monde iranien" (Centre national de la recherche scientifique, UMR 7528).</subfield>
      </datafield>
      <datafield tag="504" ind1=" " ind2=" ">
         <subfield code="a">Includes bibliographical references.</subfield>
      </datafield>
      <datafield tag="505" ind1="0" ind2="0">
         <subfield code="t">Hagiographia satis legendaria : einige Beobachtungen zum Mār Behnām-Martyrium (BHO 177) /</subfield>
         <subfield code="r">Peter Bruns --</subfield>
         <subfield code="t">Stratégies du monachisme missionaire en Iran /</subfield>
         <subfield code="r">Florence Jullien --</subfield>
         <subfield code="t">Idéologie et politique missionaire de Timothée Ier, patriarche syro-oriental (780-823) /</subfield>
         <subfield code="r">Vittorio Berti --</subfield>
         <subfield code="t">Rendre à César pour rencontrer Dieu : la mission politico-religieuse de l'évêque Israyēl chez les Honkʻ /</subfield>
         <subfield code="r">Marco Bais --</subfield>
         <subfield code="t">Autour des mages arabisés : la vie de Zoroastre selon Ǧirǧis ibn al-ʻAmīd al'Makīn /</subfield>
         <subfield code="r">Alexander M. Schilling --</subfield>
         <subfield code="t">La traduction persane de l'Évangile par Leopoldo Sebastiani /</subfield>
         <subfield code="r">Angelo Michele Piemontese.</subfield>
      </datafield>
      <datafield tag="500" ind1=" " ind2=" ">
         <subfield code="a">ISAW copy is from the Library of Nina Garsoïan.</subfield>
         <subfield code="5">NNU</subfield>
      </datafield>
      <datafield tag="500" ind1=" " ind2=" ">
         <subfield code="a">ISAW copy is inscribed by Christelle Jullien to Nina Garsoïan.</subfield>
         <subfield code="5">NNU</subfield>
      </datafield>
      <datafield tag="650" ind1=" " ind2="0">
         <subfield code="a">Christians</subfield>
         <subfield code="z">Iran</subfield>
         <subfield code="x">History.</subfield>
      </datafield>
      <datafield tag="650" ind1=" " ind2="0">
         <subfield code="a">Missions</subfield>
         <subfield code="z">Iran.</subfield>
      </datafield>
      <datafield tag="650" ind1=" " ind2="0">
         <subfield code="a">Missions</subfield>
         <subfield code="z">Armenia.</subfield>
      </datafield>
      <datafield tag="651" ind1=" " ind2="0">
         <subfield code="a">Iran</subfield>
         <subfield code="x">Church history.</subfield>
      </datafield>
      <datafield tag="610" ind1="2" ind2="0">
         <subfield code="a">Church of the East</subfield>
         <subfield code="x">History.</subfield>
      </datafield>
      <datafield tag="600" ind1="1" ind2="0">
         <subfield code="a">Sebastiani, Leopoldo.</subfield>
      </datafield>
      <datafield tag="610" ind1="2" ind2="0">
         <subfield code="a">Catholic Church</subfield>
         <subfield code="x">Missions</subfield>
         <subfield code="z">Iran.</subfield>
      </datafield>
      <datafield tag="600" ind1="1" ind2="7">
         <subfield code="a">Sebastiani, Leopoldo.</subfield>
         <subfield code="2">fast</subfield>
         <subfield code="0">(OCoLC)fst00159010</subfield>
      </datafield>
      <datafield tag="610" ind1="2" ind2="7">
         <subfield code="a">Catholic Church.</subfield>
         <subfield code="2">fast</subfield>
         <subfield code="0">(OCoLC)fst00531720</subfield>
      </datafield>
      <datafield tag="610" ind1="2" ind2="7">
         <subfield code="a">Church of the East.</subfield>
         <subfield code="2">fast</subfield>
         <subfield code="0">(OCoLC)fst01761954</subfield>
      </datafield>
      <datafield tag="650" ind1=" " ind2="7">
         <subfield code="a">Christians.</subfield>
         <subfield code="2">fast</subfield>
         <subfield code="0">(OCoLC)fst00859760</subfield>
      </datafield>
      <datafield tag="650" ind1=" " ind2="7">
         <subfield code="a">Missions.</subfield>
         <subfield code="2">fast</subfield>
         <subfield code="0">(OCoLC)fst01023771</subfield>
      </datafield>
      <datafield tag="651" ind1=" " ind2="7">
         <subfield code="a">Asia</subfield>
         <subfield code="z">Armenia.</subfield>
         <subfield code="2">fast</subfield>
         <subfield code="0">(OCoLC)fst01206470</subfield>
      </datafield>
      <datafield tag="651" ind1=" " ind2="7">
         <subfield code="a">Iran.</subfield>
         <subfield code="2">fast</subfield>
         <subfield code="0">(OCoLC)fst01204889</subfield>
      </datafield>
      <datafield tag="655" ind1=" " ind2="7">
         <subfield code="a">Church history.</subfield>
         <subfield code="2">fast</subfield>
         <subfield code="0">(OCoLC)fst01411629</subfield>
      </datafield>
      <datafield tag="655" ind1=" " ind2="7">
         <subfield code="a">History.</subfield>
         <subfield code="2">fast</subfield>
         <subfield code="0">(OCoLC)fst01411628</subfield>
      </datafield>
      <datafield tag="796" ind1="1" ind2=" ">
         <subfield code="a">Garsoïan, Nina G.,</subfield>
         <subfield code="d">1923-</subfield>
         <subfield code="e">former owner.</subfield>
      </datafield>
      <datafield tag="797" ind1="2" ind2=" ">
         <subfield code="a">Garsoïan Collection.</subfield>
      </datafield>
      <datafield tag="700" ind1="1" ind2=" ">
         <subfield code="a">Jullien, C.</subfield>
         <subfield code="q">(Christelle)</subfield>
      </datafield>
      <datafield tag="710" ind1="2" ind2=" ">
         <subfield code="a">Unité mixte de recherche "Monde iranien."</subfield>
      </datafield>
      <datafield tag="830" ind1=" " ind2="0">
         <subfield code="a">Studia Iranica.</subfield>
         <subfield code="p">Cahier ;</subfield>
         <subfield code="v">44.</subfield>
      </datafield>
      <datafield tag="830" ind1=" " ind2="0">
         <subfield code="a">Studia Iranica.</subfield>
         <subfield code="p">Cahier.</subfield>
         <subfield code="p">Chrétiens en terre d'Iran ;</subfield>
         <subfield code="v">v. 4.</subfield>
      </datafield>
      <datafield tag="856" ind1="4" ind2="1">
         <subfield code="3">Table of contents</subfield>
         <subfield code="u">http://swbplus.bsz-bw.de/bsz344953599inh.htm</subfield>
      </datafield>
      <datafield tag="LKR" ind1=" " ind2=" ">
         <subfield code="a">ITM</subfield>
         <subfield code="b">3402234</subfield>
         <subfield code="l">NYU50</subfield>
         <subfield code="v">44</subfield>
      </datafield>
      <datafield tag="OWN" ind1=" " ind2=" ">
         <subfield code="a">GENERAL</subfield>
      </datafield>
      <datafield tag="AVA" ind1=" " ind2=" ">
         <subfield code="a">NYU50</subfield>
         <subfield code="b">NISAW</subfield>
         <subfield code="c">Small Collection</subfield>
         <subfield code="d">BR1115.I7 I85 2011</subfield>
         <subfield code="e">available</subfield>
         <subfield code="t">Available</subfield>
         <subfield code="f">1</subfield>
         <subfield code="g">0</subfield>
         <subfield code="h">N</subfield>
         <subfield code="i">0</subfield>
         <subfield code="j">SMALL</subfield>
         <subfield code="k">0</subfield>
      </datafield>
      <marc:datafield tag="852" ind1=" " ind2=" ">
         <marc:subfield code="b">Institute for the Study of the Ancient World, </marc:subfield>
         <marc:subfield code="c">Small Collection</marc:subfield>
         <marc:subfield code="e">15 East 84th St., </marc:subfield>
         <marc:subfield code="e">New York, NY  10028</marc:subfield>
      </marc:datafield>
      <datafield tag="AVA" ind1=" " ind2=" ">
         <subfield code="a">NYU50</subfield>
         <subfield code="b">BOBST</subfield>
         <subfield code="c">Main Collection</subfield>
         <subfield code="d">DS251 .S79</subfield>
         <subfield code="e">available</subfield>
         <subfield code="t">Available</subfield>
         <subfield code="f">1</subfield>
         <subfield code="g">0</subfield>
         <subfield code="h">Y</subfield>
         <subfield code="i">0</subfield>
         <subfield code="j">MAIN</subfield>
         <subfield code="k">0</subfield>
      </datafield>
   </record>