
  
  
  
  
  
  
  
  
  
 
  
  <record xsi:schemaLocation="http://www.loc.gov/MARC21/slim http://www.loc.gov/standards/marcxml/schema/MARC21slim.xsd">
      <leader>00000cam a2200901 a 4500</leader>
      <controlfield tag="FMT">BK</controlfield>
      <controlfield tag="LDR">00000cam a2200901 a 4500</controlfield>
      <controlfield tag="001">001705609</controlfield>
      <controlfield tag="003">OCoLC</controlfield>
      <controlfield tag="005">20160617140654.0</controlfield>
      <controlfield tag="008">100805m20009999fr a     b    001 0 fre c</controlfield>
      <datafield tag="010" ind1=" " ind2=" ">
         <subfield code="a">2010488688</subfield>
         <subfield code="z">2014374686</subfield>
      </datafield>
      <datafield tag="016" ind1="7" ind2=" ">
         <subfield code="a">006674561</subfield>
         <subfield code="2">Uk</subfield>
      </datafield>
      <datafield tag="020" ind1=" " ind2=" ">
         <subfield code="a">9782251005560</subfield>
         <subfield code="q">(t. 4)</subfield>
      </datafield>
      <datafield tag="020" ind1=" " ind2=" ">
         <subfield code="a">2251005560</subfield>
         <subfield code="q">(t. 4)</subfield>
      </datafield>
      <datafield tag="020" ind1=" " ind2=" ">
         <subfield code="a">9782251005843</subfield>
         <subfield code="q">(t. 5)</subfield>
      </datafield>
      <datafield tag="020" ind1=" " ind2=" ">
         <subfield code="a">2251005846</subfield>
         <subfield code="q">(t. 5)</subfield>
      </datafield>
      <datafield tag="020" ind1=" " ind2=" ">
         <subfield code="a">9782251005362</subfield>
         <subfield code="q">(t. 1)</subfield>
      </datafield>
      <datafield tag="020" ind1=" " ind2=" ">
         <subfield code="a">2251005366</subfield>
         <subfield code="q">(t. 1)</subfield>
      </datafield>
      <datafield tag="020" ind1=" " ind2=" ">
         <subfield code="a">2251004831</subfield>
         <subfield code="q">(t. 2)</subfield>
      </datafield>
      <datafield tag="020" ind1=" " ind2=" ">
         <subfield code="a">9782251004839</subfield>
         <subfield code="q">(t. 2)</subfield>
      </datafield>
      <datafield tag="020" ind1=" " ind2=" ">
         <subfield code="a">2251005242</subfield>
         <subfield code="q">(t. 7)</subfield>
      </datafield>
      <datafield tag="020" ind1=" " ind2=" ">
         <subfield code="a">9782251005249</subfield>
         <subfield code="q">(t. 7)</subfield>
      </datafield>
      <datafield tag="020" ind1=" " ind2=" ">
         <subfield code="a">9782251005447</subfield>
         <subfield code="q">(t. 8)</subfield>
      </datafield>
      <datafield tag="020" ind1=" " ind2=" ">
         <subfield code="a">2251005447</subfield>
         <subfield code="q">(t. 8)</subfield>
      </datafield>
      <datafield tag="020" ind1=" " ind2=" ">
         <subfield code="a">9782251005553</subfield>
         <subfield code="q">(t. 3)</subfield>
      </datafield>
      <datafield tag="020" ind1=" " ind2=" ">
         <subfield code="a">2251005552</subfield>
         <subfield code="q">(t. 3)</subfield>
      </datafield>
      <datafield tag="035" ind1=" " ind2=" ">
         <subfield code="a">(OCoLC)45470135</subfield>
         <subfield code="z">(OCoLC)777609077</subfield>
         <subfield code="z">(OCoLC)780971296</subfield>
         <subfield code="z">(OCoLC)926279584</subfield>
      </datafield>
      <datafield tag="040" ind1=" " ind2=" ">
         <subfield code="a">CIN</subfield>
         <subfield code="b">eng</subfield>
         <subfield code="c">CIN</subfield>
         <subfield code="d">DLC</subfield>
         <subfield code="d">LVB</subfield>
         <subfield code="d">LRU</subfield>
         <subfield code="d">PUL</subfield>
         <subfield code="d">NLGGC</subfield>
         <subfield code="d">IXA</subfield>
         <subfield code="d">YDXCP</subfield>
         <subfield code="d">NDD</subfield>
         <subfield code="d">MUQ</subfield>
         <subfield code="d">CGU</subfield>
         <subfield code="d">N15</subfield>
         <subfield code="d">FDA</subfield>
         <subfield code="d">UKMGB</subfield>
         <subfield code="d">BTCTA</subfield>
         <subfield code="d">ZCU</subfield>
         <subfield code="d">OHX</subfield>
         <subfield code="d">NUI</subfield>
         <subfield code="d">EUX</subfield>
         <subfield code="d">OCLCF</subfield>
         <subfield code="d">OCLCO</subfield>
         <subfield code="d">FDA</subfield>
         <subfield code="d">OCLCQ</subfield>
         <subfield code="d">LUN</subfield>
         <subfield code="d">OCLCQ</subfield>
         <subfield code="d">OCL</subfield>
         <subfield code="d">NNU</subfield>
      </datafield>
      <datafield tag="041" ind1="1" ind2=" ">
         <subfield code="a">fre</subfield>
         <subfield code="a">grc</subfield>
         <subfield code="h">grc</subfield>
      </datafield>
      <datafield tag="042" ind1=" " ind2=" ">
         <subfield code="a">pcc</subfield>
      </datafield>
      <datafield tag="043" ind1=" " ind2=" ">
         <subfield code="a">e-gr---</subfield>
         <subfield code="a">e------</subfield>
         <subfield code="a">aw-----</subfield>
      </datafield>
      <datafield tag="050" ind1="0" ind2="0">
         <subfield code="a">PA3996.F8</subfield>
         <subfield code="b">B68 2000</subfield>
      </datafield>
      <datafield tag="072" ind1=" " ind2="7">
         <subfield code="a">B</subfield>
         <subfield code="2">lcco</subfield>
      </datafield>
      <datafield tag="072" ind1=" " ind2="7">
         <subfield code="a">R</subfield>
         <subfield code="2">lcco</subfield>
      </datafield>
      <datafield tag="082" ind1="0" ind2="4">
         <subfield code="a">610.938</subfield>
         <subfield code="2">22</subfield>
      </datafield>
      <datafield tag="084" ind1=" " ind2=" ">
         <subfield code="a">18.43</subfield>
         <subfield code="2">bcl</subfield>
      </datafield>
      <datafield tag="100" ind1="0" ind2=" ">
         <subfield code="a">Galen.</subfield>
      </datafield>
      <datafield tag="240" ind1="1" ind2="0">
         <subfield code="a">Works.</subfield>
         <subfield code="l">French &amp; Greek.</subfield>
         <subfield code="f">2000</subfield>
      </datafield>
      <datafield tag="245" ind1="1" ind2="0">
         <subfield code="a">Galien.</subfield>
      </datafield>
      <datafield tag="246" ind1="1" ind2=" ">
         <subfield code="i">Title in pref.:</subfield>
         <subfield code="a">Œuvres complètes</subfield>
      </datafield>
      <datafield tag="260" ind1=" " ind2=" ">
         <subfield code="a">Paris :</subfield>
         <subfield code="b">Belles lettres,</subfield>
         <subfield code="c">2000-&lt;2013&gt;</subfield>
      </datafield>
      <datafield tag="300" ind1=" " ind2=" ">
         <subfield code="a">volumes &lt;4-5&gt; :</subfield>
         <subfield code="b">illustrations ;</subfield>
         <subfield code="c">20 cm.</subfield>
      </datafield>
      <datafield tag="336" ind1=" " ind2=" ">
         <subfield code="a">text</subfield>
         <subfield code="b">txt</subfield>
         <subfield code="2">rdacontent</subfield>
      </datafield>
      <datafield tag="337" ind1=" " ind2=" ">
         <subfield code="a">unmediated</subfield>
         <subfield code="b">n</subfield>
         <subfield code="2">rdamedia</subfield>
      </datafield>
      <datafield tag="338" ind1=" " ind2=" ">
         <subfield code="a">volume</subfield>
         <subfield code="b">nc</subfield>
         <subfield code="2">rdacarrier</subfield>
      </datafield>
      <datafield tag="490" ind1="1" ind2=" ">
         <subfield code="a">Collection des universités de France,</subfield>
         <subfield code="x">0184-7155</subfield>
         <subfield code="a">Série grecque ;</subfield>
         <subfield code="v">402, 441, 450, 459, 471-472, 499</subfield>
      </datafield>
      <datafield tag="500" ind1=" " ind2=" ">
         <subfield code="a">Edition of complete works based on plan established by Jacques Jouanna and Véronique Boudon.</subfield>
      </datafield>
      <datafield tag="504" ind1=" " ind2=" ">
         <subfield code="a">Includes bibliographical references and indexes.</subfield>
      </datafield>
      <datafield tag="505" ind1="0" ind2="0">
         <subfield code="g">t. 1.</subfield>
         <subfield code="t">Introduction générale ; Sur l'ordre de ses propres livres ; Sur ses propres livres ; Que l'excellent médecin est aussi philosophe /</subfield>
         <subfield code="r">texte établi et traduit et annoté par Véronique Boudon-Millot --</subfield>
         <subfield code="g">t. 2.</subfield>
         <subfield code="t">Exhortation à l'étude de la médecine ; Art médical /</subfield>
         <subfield code="r">texte établi et traduit par Véronique Boudon --</subfield>
         <subfield code="g">t. 3.</subfield>
         <subfield code="t">Le médecin, introduction /</subfield>
         <subfield code="r">texte établi et traduit par Caroline Petit --</subfield>
         <subfield code="g">t. 4.</subfield>
         <subfield code="t">Ne pas se chagriner /</subfield>
         <subfield code="r">texte établi et traduit par Véronique Boudon-Millot et Jacques Jouanna --</subfield>
         <subfield code="g">t. 5.</subfield>
         <subfield code="t">Sur les facultés des aliments /</subfield>
         <subfield code="r">texte établi et traduit par John Wilkins --</subfield>
         <subfield code="g">t. 7.</subfield>
         <subfield code="t">Les os pour les débutants, l'anatomie des muscles /</subfield>
         <subfield code="r">texte établi et annoté par I. Garofalo --</subfield>
         <subfield code="g">t. 8.</subfield>
         <subfield code="t">L'anatomie des nerfs ; l'anatomie des veines et des artètres /</subfield>
         <subfield code="r">texte établie et annoté par Ivan Garofalo ; traduit par Ivan Garofalo et Armelle Debru.</subfield>
      </datafield>
      <datafield tag="546" ind1=" " ind2=" ">
         <subfield code="a">Greek text and parallel French translation on facing pages, numbered in duplicate.</subfield>
      </datafield>
      <datafield tag="600" ind1="0" ind2="0">
         <subfield code="a">Galen.</subfield>
      </datafield>
      <datafield tag="650" ind1=" " ind2="0">
         <subfield code="a">Medicine, Greek and Roman.</subfield>
      </datafield>
      <datafield tag="600" ind1="0" ind2="6">
         <subfield code="a">Galien.</subfield>
      </datafield>
      <datafield tag="650" ind1=" " ind2="6">
         <subfield code="a">Médecine grecque et romaine.</subfield>
      </datafield>
      <datafield tag="600" ind1="0" ind2="7">
         <subfield code="a">Galen.</subfield>
         <subfield code="2">fast</subfield>
         <subfield code="0">(OCoLC)fst00036414</subfield>
      </datafield>
      <datafield tag="650" ind1=" " ind2="7">
         <subfield code="a">Medicine, Greek and Roman.</subfield>
         <subfield code="2">fast</subfield>
         <subfield code="0">(OCoLC)fst01015251</subfield>
      </datafield>
      <datafield tag="650" ind1="1" ind2="7">
         <subfield code="a">Geneeskunde.</subfield>
         <subfield code="2">gtt</subfield>
      </datafield>
      <datafield tag="700" ind1="1" ind2=" ">
         <subfield code="a">Boudon-Millot, Véronique.</subfield>
      </datafield>
      <datafield tag="700" ind1="1" ind2=" ">
         <subfield code="a">Jouanna, Jacques.</subfield>
      </datafield>
      <datafield tag="776" ind1="0" ind2="8">
         <subfield code="i">Online version:</subfield>
         <subfield code="a">Galen.</subfield>
         <subfield code="s">Works. French &amp; Greek. 2000.</subfield>
         <subfield code="t">Galien.</subfield>
         <subfield code="d">Paris : Belles lettres, 2000-</subfield>
         <subfield code="w">(OCoLC)646981265</subfield>
      </datafield>
      <datafield tag="830" ind1=" " ind2="0">
         <subfield code="a">Collection des universités de France.</subfield>
         <subfield code="p">Série grecque ;</subfield>
         <subfield code="v">v. 402.</subfield>
      </datafield>
      <datafield tag="830" ind1=" " ind2="0">
         <subfield code="a">Collection des universités de France.</subfield>
         <subfield code="p">Série grecque ;</subfield>
         <subfield code="v">v. 441.</subfield>
      </datafield>
      <datafield tag="830" ind1=" " ind2="0">
         <subfield code="a">Collection des universités de France.</subfield>
         <subfield code="p">Série grecque ;</subfield>
         <subfield code="v">v. 450.</subfield>
      </datafield>
      <datafield tag="830" ind1=" " ind2="0">
         <subfield code="a">Collection des universités de France.</subfield>
         <subfield code="p">Série grecque ;</subfield>
         <subfield code="v">v. 459.</subfield>
      </datafield>
      <datafield tag="830" ind1=" " ind2="0">
         <subfield code="a">Collection des universités de France.</subfield>
         <subfield code="p">Série grecque ;</subfield>
         <subfield code="v">v. 471-472.</subfield>
      </datafield>
      <datafield tag="830" ind1=" " ind2="0">
         <subfield code="a">Collection des universités de France.</subfield>
         <subfield code="p">Série grecque ;</subfield>
         <subfield code="v">v. 499.</subfield>
      </datafield>
      <datafield tag="OWN" ind1=" " ind2=" ">
         <subfield code="a">GENERAL</subfield>
      </datafield>
      <datafield tag="AVA" ind1=" " ind2=" ">
         <subfield code="a">NYU50</subfield>
         <subfield code="b">BOBST</subfield>
         <subfield code="c">Main Collection</subfield>
         <subfield code="d">PA3996.F7 B68 2000</subfield>
         <subfield code="e">check_holdings</subfield>
         <subfield code="t">Check Holdings</subfield>
         <subfield code="h">Y</subfield>
         <subfield code="j">MAIN</subfield>
         <subfield code="k">0</subfield>
      </datafield>
      <datafield tag="AVA" ind1=" " ind2=" ">
         <subfield code="a">NYU50</subfield>
         <subfield code="b">NISAW</subfield>
         <subfield code="c">Small Collection</subfield>
         <subfield code="d">PA3996.F8 B68 2000</subfield>
         <subfield code="e">available</subfield>
         <subfield code="t">Available</subfield>
         <subfield code="f">6</subfield>
         <subfield code="g">0</subfield>
         <subfield code="h">Y</subfield>
         <subfield code="i">0</subfield>
         <subfield code="j">SMALL</subfield>
         <subfield code="k">0</subfield>
      </datafield>
      <marc:datafield tag="852" ind1=" " ind2=" ">
         <marc:subfield code="b">Institute for the Study of the Ancient World, </marc:subfield>
         <marc:subfield code="c">Small Collection</marc:subfield>
         <marc:subfield code="e">15 East 84th St., </marc:subfield>
         <marc:subfield code="e">New York, NY  10028</marc:subfield>
      </marc:datafield>
   </record>