
  
  
  
  
  
  
  
  
 
  
  <record xsi:schemaLocation="http://www.loc.gov/MARC21/slim http://www.loc.gov/standards/marcxml/schema/MARC21slim.xsd">
      <leader>00000nam a   cam  i 4500</leader>
      <controlfield tag="FMT">BK</controlfield>
      <controlfield tag="LDR">00000nam a   cam  i 4500</controlfield>
      <controlfield tag="001">004314062</controlfield>
      <controlfield tag="003">OCoLC</controlfield>
      <controlfield tag="005">20160607101604.0</controlfield>
      <controlfield tag="008">160607s1945    ru ah    b    000 0 rusr</controlfield>
      <datafield tag="010" ind1=" " ind2=" ">
         <subfield code="a">53017621</subfield>
      </datafield>
      <datafield tag="035" ind1=" " ind2=" ">
         <subfield code="a">(OCoLC)6836993</subfield>
      </datafield>
      <datafield tag="040" ind1=" " ind2=" ">
         <subfield code="a">DLC</subfield>
         <subfield code="b">eng</subfield>
         <subfield code="c">AZS</subfield>
         <subfield code="d">AZS</subfield>
         <subfield code="d">CRL</subfield>
         <subfield code="d">OCLCQ</subfield>
         <subfield code="d">OCLCG</subfield>
         <subfield code="d">CUD</subfield>
         <subfield code="d">OCLCF</subfield>
         <subfield code="d">OCLCQ</subfield>
         <subfield code="d">OCLCO</subfield>
         <subfield code="d">NNU</subfield>
      </datafield>
      <datafield tag="043" ind1=" " ind2=" ">
         <subfield code="a">mm-----</subfield>
      </datafield>
      <datafield tag="050" ind1="0" ind2="0">
         <subfield code="a">DF552</subfield>
         <subfield code="b">.L48 1945</subfield>
      </datafield>
      <datafield tag="245" ind1="0" ind2="0">
         <subfield code="6">880-01</subfield>
         <subfield code="a">Vizantiĭskiĭ sbornik /</subfield>
         <subfield code="c">pod redakt͡sieĭ M.V. Levchenko.</subfield>
      </datafield>
      <datafield tag="260" ind1=" " ind2=" ">
         <subfield code="6">880-02</subfield>
         <subfield code="a">Moskva :</subfield>
         <subfield code="b">Izd-vo Akademii nauk SSSR,</subfield>
         <subfield code="c">1945.</subfield>
      </datafield>
      <datafield tag="300" ind1=" " ind2=" ">
         <subfield code="a">273 pages :</subfield>
         <subfield code="b">illustrations, facsimiles ;</subfield>
         <subfield code="c">26 cm</subfield>
      </datafield>
      <datafield tag="336" ind1=" " ind2=" ">
         <subfield code="a">text</subfield>
         <subfield code="b">txt</subfield>
         <subfield code="2">rdacontent</subfield>
      </datafield>
      <datafield tag="337" ind1=" " ind2=" ">
         <subfield code="a">unmediated</subfield>
         <subfield code="b">n</subfield>
         <subfield code="2">rdamedia</subfield>
      </datafield>
      <datafield tag="338" ind1=" " ind2=" ">
         <subfield code="a">volume</subfield>
         <subfield code="b">nc</subfield>
         <subfield code="2">rdacarrier</subfield>
      </datafield>
      <datafield tag="500" ind1=" " ind2=" ">
         <subfield code="a">ISAW copy is from the Library of Nina Garsoïan.</subfield>
         <subfield code="5">NNU</subfield>
      </datafield>
      <datafield tag="500" ind1=" " ind2=" ">
         <subfield code="6">880-03</subfield>
         <subfield code="a">At head of title: Akademii͡a nauk SSSR. Institut istorii.</subfield>
      </datafield>
      <datafield tag="500" ind1=" " ind2=" ">
         <subfield code="a">Errata slip inserted.</subfield>
      </datafield>
      <datafield tag="504" ind1=" " ind2=" ">
         <subfield code="a">Includes bibliographical references.</subfield>
      </datafield>
      <datafield tag="505" ind1="0" ind2=" ">
         <subfield code="a">Zadachi sovremennogo vizantinovedenii͡a / M.V. Levchenko -- Materialy dli͡a vnutrenneĭ istorii Vostochnoĭ Rimskoĭ imperii V-VI vv. / M.V. Levchenko -- Vizantiĭskoe krestʹi͡anstvo i slavi͡anskai͡a kolonizat͡sii͡a / E.Ė. Lipshits -- Vizantiĭskie dimy i fakt͡sii (tà mérē) v V-VII vv. / A.P. Dʹi͡akonov -- Vizantiĭskie politicheskie dei͡ateli pervoĭ poloviny X v. / M.A. Shangin -- Filosofskie vzgli͡ady Mikhaila Psella / V. Valʹdenberg -- K voprosu o kulʹture i prosveshchenii bolgar v XIV v. / A.F. Vishni͡akova -- K istorii vizantiĭskoĭ sfragistiki / M.K. Karger -- Izdanii͡a vizantiĭskikh tekstov v zapadnoevropeĭskoĭ literature / N.S. Lebedev i F.M. Rosseĭkin -- Vizantii͡a i slavi͡ane / F.M. Rosseĭkin.</subfield>
      </datafield>
      <datafield tag="651" ind1=" " ind2="0">
         <subfield code="a">Byzantine Empire</subfield>
         <subfield code="x">History.</subfield>
      </datafield>
      <datafield tag="700" ind1="1" ind2=" ">
         <subfield code="6">880-04</subfield>
         <subfield code="a">Levchenko, M. V.</subfield>
         <subfield code="q">(Mitrofan Vasilʹevich),</subfield>
         <subfield code="d">1890-1955,</subfield>
         <subfield code="e">editor.</subfield>
      </datafield>
      <datafield tag="710" ind1="2" ind2=" ">
         <subfield code="6">880-05</subfield>
         <subfield code="a">Institut istorii (Akademii͡a nauk SSSR)</subfield>
         <subfield code="e">issuing body.</subfield>
      </datafield>
      <datafield tag="776" ind1="0" ind2="8">
         <subfield code="i">Online version:</subfield>
         <subfield code="t">Vizantiĭskiĭ sbornik.</subfield>
         <subfield code="d">Moskva : Izd-vo Akademii nauk SSSR, 1945</subfield>
         <subfield code="w">(OCoLC)608980677</subfield>
      </datafield>
      <datafield tag="796" ind1="1" ind2=" ">
         <subfield code="a">Garsoïan, Nina G.,</subfield>
         <subfield code="d">1923-</subfield>
         <subfield code="e">former owner.</subfield>
      </datafield>
      <datafield tag="797" ind1="1" ind2=" ">
         <subfield code="a">Garsoïan Collection.</subfield>
      </datafield>
      <datafield tag="880" ind1="0" ind2="0">
         <subfield code="6">245-01/</subfield>
         <subfield code="a">Визaнтийский сборник /</subfield>
         <subfield code="c">под редакцией M.В. Лeвченко.</subfield>
      </datafield>
      <datafield tag="880" ind1=" " ind2=" ">
         <subfield code="6">260-02/</subfield>
         <subfield code="a">Moсква :</subfield>
         <subfield code="b">Изд-вo Aкaдемии наук СССР,</subfield>
         <subfield code="c">1945.</subfield>
      </datafield>
      <datafield tag="880" ind1=" " ind2=" ">
         <subfield code="6">500-03/</subfield>
         <subfield code="a">At head of title: Aкaдемия наук СССР. Институт истории.</subfield>
      </datafield>
      <datafield tag="880" ind1="1" ind2=" ">
         <subfield code="6">700-04/</subfield>
         <subfield code="a">Лeвченко, M. В.</subfield>
         <subfield code="q">(Mитрофан Вaсильевич),</subfield>
         <subfield code="d">1890-1955,</subfield>
         <subfield code="e">editor.</subfield>
      </datafield>
      <datafield tag="880" ind1="2" ind2=" ">
         <subfield code="6">710-05/</subfield>
         <subfield code="a">Институт истории (Aкaдемия наук СССР),</subfield>
         <subfield code="e">issuing body.</subfield>
      </datafield>
      <datafield tag="994" ind1=" " ind2=" ">
         <subfield code="a">Z0</subfield>
         <subfield code="b">ZYU</subfield>
      </datafield>
      <datafield tag="OWN" ind1=" " ind2=" ">
         <subfield code="a">GENERAL</subfield>
      </datafield>
      <datafield tag="AVA" ind1=" " ind2=" ">
         <subfield code="a">NYU50</subfield>
         <subfield code="b">BOBST</subfield>
         <subfield code="c">Main Collection</subfield>
         <subfield code="d">DF552 .L48 1945</subfield>
         <subfield code="e">unavailable</subfield>
         <subfield code="t">Unavailable</subfield>
         <subfield code="f">1</subfield>
         <subfield code="g">1</subfield>
         <subfield code="h">N</subfield>
         <subfield code="i">0</subfield>
         <subfield code="j">MAIN</subfield>
         <subfield code="k">0</subfield>
      </datafield>
      <datafield tag="AVA" ind1=" " ind2=" ">
         <subfield code="a">NYU50</subfield>
         <subfield code="b">NISAW</subfield>
         <subfield code="c">Small Collection</subfield>
         <subfield code="d">DF552 .L48 1945</subfield>
         <subfield code="e">available</subfield>
         <subfield code="t">Available</subfield>
         <subfield code="f">1</subfield>
         <subfield code="g">0</subfield>
         <subfield code="h">N</subfield>
         <subfield code="i">0</subfield>
         <subfield code="j">SMALL</subfield>
         <subfield code="k">0</subfield>
      </datafield>
      <marc:datafield tag="852" ind1=" " ind2=" ">
         <marc:subfield code="b">Institute for the Study of the Ancient World, </marc:subfield>
         <marc:subfield code="c">Small Collection</marc:subfield>
         <marc:subfield code="e">15 East 84th St., </marc:subfield>
         <marc:subfield code="e">New York, NY  10028</marc:subfield>
      </marc:datafield>
   </record>