
  
  
  
  
  
  
  
  
  
 
  
  <record xsi:schemaLocation="http://www.loc.gov/MARC21/slim http://www.loc.gov/standards/marcxml/schema/MARC21slim.xsd">
      <leader>00000cam a2200457 i 4500</leader>
      <controlfield tag="FMT">BK</controlfield>
      <controlfield tag="LDR">00000cam a2200457 i 4500</controlfield>
      <controlfield tag="001">004318561</controlfield>
      <controlfield tag="003">OCoLC</controlfield>
      <controlfield tag="005">20160622161536.0</controlfield>
      <controlfield tag="008">160622r19771927it af    bc   001 0 eng</controlfield>
      <datafield tag="010" ind1=" " ind2=" ">
         <subfield code="a">79308657</subfield>
      </datafield>
      <datafield tag="015" ind1=" " ind2=" ">
         <subfield code="a">It78-Aug</subfield>
      </datafield>
      <datafield tag="035" ind1=" " ind2=" ">
         <subfield code="a">(OCoLC)4508785</subfield>
      </datafield>
      <datafield tag="040" ind1=" " ind2=" ">
         <subfield code="a">DLC</subfield>
         <subfield code="b">eng</subfield>
         <subfield code="c">DLC</subfield>
         <subfield code="d">OCLCQ</subfield>
         <subfield code="d">BTCTA</subfield>
         <subfield code="d">OCLCO</subfield>
         <subfield code="d">OCLCA</subfield>
         <subfield code="d">OCLCF</subfield>
         <subfield code="d">OCLCQ</subfield>
         <subfield code="d">NNU</subfield>
      </datafield>
      <datafield tag="043" ind1=" " ind2=" ">
         <subfield code="a">e-uk-en</subfield>
         <subfield code="a">f-ua---</subfield>
      </datafield>
      <datafield tag="050" ind1="0" ind2="0">
         <subfield code="a">PA3318</subfield>
         <subfield code="b">.B7 1977b</subfield>
      </datafield>
      <datafield tag="082" ind1="0" ind2="0">
         <subfield code="a">016.88</subfield>
      </datafield>
      <datafield tag="110" ind1="2" ind2=" ">
         <subfield code="a">British Museum.</subfield>
         <subfield code="b">Department of Manuscripts.</subfield>
      </datafield>
      <datafield tag="245" ind1="1" ind2="0">
         <subfield code="a">Catalogue of the literary papyri in the British Museum /</subfield>
         <subfield code="c">edited by H.J.M. Milne.</subfield>
      </datafield>
      <datafield tag="260" ind1=" " ind2=" ">
         <subfield code="a">Milano :</subfield>
         <subfield code="b">Cisalpino-Goliardica,</subfield>
         <subfield code="c">1977.</subfield>
      </datafield>
      <datafield tag="300" ind1=" " ind2=" ">
         <subfield code="a">xvi, 243 pages, 12 pages of plates :</subfield>
         <subfield code="b">illustrations ;</subfield>
         <subfield code="c">24 cm</subfield>
      </datafield>
      <datafield tag="336" ind1=" " ind2=" ">
         <subfield code="a">text</subfield>
         <subfield code="b">txt</subfield>
         <subfield code="2">rdacontent</subfield>
      </datafield>
      <datafield tag="336" ind1=" " ind2=" ">
         <subfield code="a">still image</subfield>
         <subfield code="b">sti</subfield>
         <subfield code="2">rdacontent</subfield>
      </datafield>
      <datafield tag="337" ind1=" " ind2=" ">
         <subfield code="a">unmediated</subfield>
         <subfield code="b">n</subfield>
         <subfield code="2">rdamedia</subfield>
      </datafield>
      <datafield tag="338" ind1=" " ind2=" ">
         <subfield code="a">volume</subfield>
         <subfield code="b">nc</subfield>
         <subfield code="2">rdacarrier</subfield>
      </datafield>
      <datafield tag="500" ind1=" " ind2=" ">
         <subfield code="a">Reprint of the 1927 ed. published by The Trustees, London.</subfield>
      </datafield>
      <datafield tag="504" ind1=" " ind2=" ">
         <subfield code="a">Includes bibliographical references (pages xi-xiii).</subfield>
      </datafield>
      <datafield tag="500" ind1=" " ind2=" ">
         <subfield code="a">Includes indexes.</subfield>
      </datafield>
      <datafield tag="650" ind1=" " ind2="0">
         <subfield code="a">Greek literature</subfield>
         <subfield code="x">Manuscripts</subfield>
         <subfield code="v">Catalogs.</subfield>
      </datafield>
      <datafield tag="650" ind1=" " ind2="0">
         <subfield code="a">Manuscripts, Greek (Papyri)</subfield>
         <subfield code="z">England</subfield>
         <subfield code="z">London</subfield>
         <subfield code="v">Catalogs.</subfield>
      </datafield>
      <datafield tag="610" ind1="2" ind2="0">
         <subfield code="a">British Museum.</subfield>
         <subfield code="b">Department of Manuscripts</subfield>
         <subfield code="v">Catalogs.</subfield>
      </datafield>
      <datafield tag="610" ind1="2" ind2="7">
         <subfield code="a">British Museum.</subfield>
         <subfield code="b">Department of Manuscripts.</subfield>
         <subfield code="2">fast</subfield>
         <subfield code="0">(OCoLC)fst01809699</subfield>
      </datafield>
      <datafield tag="650" ind1=" " ind2="7">
         <subfield code="a">Greek literature</subfield>
         <subfield code="x">Manuscripts.</subfield>
         <subfield code="2">fast</subfield>
         <subfield code="0">(OCoLC)fst00947453</subfield>
      </datafield>
      <datafield tag="650" ind1=" " ind2="7">
         <subfield code="a">Manuscripts, Greek (Papyri)</subfield>
         <subfield code="2">fast</subfield>
         <subfield code="0">(OCoLC)fst01008356</subfield>
      </datafield>
      <datafield tag="651" ind1=" " ind2="7">
         <subfield code="a">England</subfield>
         <subfield code="z">London.</subfield>
         <subfield code="2">fast</subfield>
         <subfield code="0">(OCoLC)fst01204271</subfield>
      </datafield>
      <datafield tag="655" ind1=" " ind2="7">
         <subfield code="a">Catalogs.</subfield>
         <subfield code="2">fast</subfield>
         <subfield code="0">(OCoLC)fst01423692</subfield>
      </datafield>
      <datafield tag="700" ind1="1" ind2=" ">
         <subfield code="a">Milne, H. J. M.</subfield>
         <subfield code="q">(Herbert John Mansfield)</subfield>
      </datafield>
      <datafield tag="776" ind1="0" ind2="8">
         <subfield code="i">Online version:</subfield>
         <subfield code="a">British Museum. Department of Manuscripts.</subfield>
         <subfield code="t">Catalogue of the literary papyri in the British Museum.</subfield>
         <subfield code="d">Milano : Cisalpino-Goliardica, 1977</subfield>
         <subfield code="w">(OCoLC)643725710</subfield>
      </datafield>
      <datafield tag="994" ind1=" " ind2=" ">
         <subfield code="a">Z0</subfield>
         <subfield code="b">ZYU</subfield>
      </datafield>
      <datafield tag="OWN" ind1=" " ind2=" ">
         <subfield code="a">GENERAL</subfield>
      </datafield>
      <datafield tag="AVA" ind1=" " ind2=" ">
         <subfield code="a">NYU50</subfield>
         <subfield code="b">NISAW</subfield>
         <subfield code="c">Small Collection</subfield>
         <subfield code="d">PA3318 .B7 1977b</subfield>
         <subfield code="e">available</subfield>
         <subfield code="t">Available</subfield>
         <subfield code="f">1</subfield>
         <subfield code="g">0</subfield>
         <subfield code="h">N</subfield>
         <subfield code="i">0</subfield>
         <subfield code="j">SMALL</subfield>
         <subfield code="k">0</subfield>
      </datafield>
      <marc:datafield tag="852" ind1=" " ind2=" ">
         <marc:subfield code="b">Institute for the Study of the Ancient World, </marc:subfield>
         <marc:subfield code="c">Small Collection</marc:subfield>
         <marc:subfield code="e">15 East 84th St., </marc:subfield>
         <marc:subfield code="e">New York, NY  10028</marc:subfield>
      </marc:datafield>
   </record>