
  
  
  
  
  
 
  
  <record xsi:schemaLocation="http://www.loc.gov/MARC21/slim http://www.loc.gov/standards/marcxml/schema/MARC21slim.xsd">
      <leader>00000cam a2200733Ii 4500</leader>
      <controlfield tag="FMT">BK</controlfield>
      <controlfield tag="LDR">00000cam a2200733Ii 4500</controlfield>
      <controlfield tag="001">004065675</controlfield>
      <controlfield tag="003">OCoLC</controlfield>
      <controlfield tag="005">20160818124657.0</controlfield>
      <controlfield tag="008">140131s2014    enkabe   b    000 0 eng d</controlfield>
      <datafield tag="020" ind1=" " ind2=" ">
         <subfield code="a">9781898249320</subfield>
      </datafield>
      <datafield tag="020" ind1=" " ind2=" ">
         <subfield code="a">1898249326</subfield>
      </datafield>
      <datafield tag="035" ind1="7" ind2=" ">
         <subfield code="a">ybp10185620</subfield>
      </datafield>
      <datafield tag="035" ind1=" " ind2=" ">
         <subfield code="a">(OCoLC)869726618</subfield>
         <subfield code="z">(OCoLC)855044218</subfield>
      </datafield>
      <datafield tag="040" ind1=" " ind2=" ">
         <subfield code="a">ERASA</subfield>
         <subfield code="b">eng</subfield>
         <subfield code="e">rda</subfield>
         <subfield code="c">ERASA</subfield>
         <subfield code="d">OCLCQ</subfield>
         <subfield code="d">YDXCP</subfield>
         <subfield code="d">OCLCO</subfield>
         <subfield code="d">CDX</subfield>
         <subfield code="d">FXG</subfield>
         <subfield code="d">IUL</subfield>
         <subfield code="d">OCLCQ</subfield>
         <subfield code="d">ZWZ</subfield>
         <subfield code="d">OCLCQ</subfield>
         <subfield code="d">OCLCF</subfield>
         <subfield code="d">TJC</subfield>
         <subfield code="d">OBE</subfield>
         <subfield code="d">GBVCP</subfield>
         <subfield code="d">S3O</subfield>
         <subfield code="d">OCLCQ</subfield>
         <subfield code="d">BDX</subfield>
         <subfield code="d">NNU</subfield>
      </datafield>
      <datafield tag="043" ind1=" " ind2=" ">
         <subfield code="a">a-tu---</subfield>
      </datafield>
      <datafield tag="050" ind1=" " ind2="4">
         <subfield code="a">GN776.32.T9</subfield>
         <subfield code="b">I577 2014</subfield>
      </datafield>
      <datafield tag="082" ind1="0" ind2="4">
         <subfield code="a">932-933</subfield>
      </datafield>
      <datafield tag="245" ind1="0" ind2="0">
         <subfield code="a">Integrating Çatalhöyük :</subfield>
         <subfield code="b">themes from the 2000-2008 seasons /</subfield>
         <subfield code="c">edited by Ian Hodder.</subfield>
      </datafield>
      <datafield tag="264" ind1=" " ind2="1">
         <subfield code="a">London :</subfield>
         <subfield code="b">British Institute at Ankara ;</subfield>
         <subfield code="a">Los Angeles, CA :</subfield>
         <subfield code="b">Costen Institute of Archaeology Press,</subfield>
         <subfield code="c">[2014]</subfield>
      </datafield>
      <datafield tag="300" ind1=" " ind2=" ">
         <subfield code="a">xvi, 256 pages :</subfield>
         <subfield code="b">illustrations, maps, plans ;</subfield>
         <subfield code="c">29 cm.</subfield>
      </datafield>
      <datafield tag="336" ind1=" " ind2=" ">
         <subfield code="a">text</subfield>
         <subfield code="b">txt</subfield>
         <subfield code="2">rdacontent</subfield>
      </datafield>
      <datafield tag="337" ind1=" " ind2=" ">
         <subfield code="a">unmediated</subfield>
         <subfield code="b">n</subfield>
         <subfield code="2">rdamedia</subfield>
      </datafield>
      <datafield tag="338" ind1=" " ind2=" ">
         <subfield code="a">volume</subfield>
         <subfield code="b">nc</subfield>
         <subfield code="2">rdacarrier</subfield>
      </datafield>
      <datafield tag="490" ind1="1" ind2=" ">
         <subfield code="a">Çatalhöyük Research Project series ;</subfield>
         <subfield code="v">volume 10</subfield>
      </datafield>
      <datafield tag="490" ind1="1" ind2=" ">
         <subfield code="a">BIAA monograph,</subfield>
         <subfield code="x">0969-9007 ;</subfield>
         <subfield code="v">no. 49</subfield>
      </datafield>
      <datafield tag="490" ind1="1" ind2=" ">
         <subfield code="a">Monumenta archaeologica ;</subfield>
         <subfield code="v">32</subfield>
      </datafield>
      <datafield tag="500" ind1=" " ind2=" ">
         <subfield code="a">Includes errata from volume 7 (pages 253-256).</subfield>
      </datafield>
      <datafield tag="504" ind1=" " ind2=" ">
         <subfield code="a">Includes bibliographical references (pages 233-252).</subfield>
      </datafield>
      <datafield tag="505" ind1="0" ind2="0">
         <subfield code="t">Introduction and Summary of Summaries /</subfield>
         <subfield code="r">Ian Hodder --</subfield>
         <subfield code="t">Community-based Archaeology at Çatalhöyük /</subfield>
         <subfield code="r">Sonya Atalay --</subfield>
         <subfield code="t">How Effectively do ‘Top-Down’ Participatory Management Initiatives for Turkey’s Archaeological Areas Merge with ‘Bottom-up’ Management Practices? A Çatalhöyük Case Study /</subfield>
         <subfield code="r">Beliz Tecirli --</subfield>
         <subfield code="t">Evaluating Çatalhöyük : Economic and Ethnographic Approaches to Understanding the Impact of Cultural Heritage /</subfield>
         <subfield code="r">Madeleine ‘Bear’ Douglas --</subfield>
         <subfield code="t">Going Back, Looking Forward : Reflexive Archaeology or Reflexive Method? /</subfield>
         <subfield code="r">Åsa Berggren &amp; Björn Nilsson --</subfield>
         <subfield code="t">Landscape and Taskscape at Çatalhöyük: An Integrated Perspective /</subfield>
         <subfield code="r">Michael Charles, Chris Doherty, Eleni Asouti, Amy Bogaard, Elizabeth Henton, Clark Spencer Larsen, Christopher B. Ruff, Philippa Ryan, Joshua W. Sadvari &amp; Katheryn C. Twiss --</subfield>
         <subfield code="t">Of Bins, Basins and Banquets : Storing, Handling and Sharing at Neolithic Çatalhöyük /</subfield>
         <subfield code="r">G. Arzu Demirergi, Katheryn C. Twiss, Amy Bogaard, Laura Green, Philippa Ryan &amp; Shahina Farid --</subfield>
         <subfield code="t">Bringing Down the House : House Closing Deposits at Çatalhöyük /</subfield>
         <subfield code="r">Nerissa Russell, Katherine I. Wright, Tristan Carter, Sheena Ketchum, Philippa Ryan, Nurcan Yalman, Roddy Reagan, Mirjana Stevanović &amp; Marina Milić --</subfield>
         <subfield code="t">Assessing Outdoor Activities and Their Social Implications at Çatalhöyük /</subfield>
         <subfield code="r">Amy Bogaard, Philippa Ryan, Nurcan Yalman, Eleni Asouti, Katheryn C. Twiss, Camilla Mazzucato &amp; Shahina Farid --</subfield>
         <subfield code="t">Mosaics and Networks : The Social Geography at Çatalhöyük /</subfield>
         <subfield code="r">Ian Hodder --</subfield>
         <subfield code="t">Temporal Trends: The Shapes and Narratives of Cultural Change at Çatalhöyük /</subfield>
         <subfield code="r">Ian Hodder with contributions by Chris Doherty --</subfield>
         <subfield code="t">Wall Paintings at Çatalhöyük /</subfield>
         <subfield code="r">Agata Czeszewska --</subfield>
      </datafield>
      <datafield tag="505" ind1="8" ind2="0">
         <subfield code="t">Dress : A Preliminary Study of Bodily Ornamentation at Çatalhöyük /</subfield>
         <subfield code="r">Milena Vasić, Roseleen Bains &amp; Nerissa Russell with contributions by Danielle Bar-Yosef, Lynn Meskell &amp; Carolyn Nakamura --</subfield>
         <subfield code="t">Human-thing Entanglements /</subfield>
         <subfield code="r">Ian Hodder and Chris Doherty.</subfield>
      </datafield>
      <datafield tag="520" ind1=" " ind2=" ">
         <subfield code="a">"The Neolithic site of Çatalhöyük in Turkey has been world famous since the 1960s when excavations revealed the large size and dense occupation of the settlement, as well as the spectacular wall paintings and reliefs uncovered inside the houses. Since 1993 an international team of archaeologists, led by Ian Hodder, has been carrying out new excavations and research, in order to shed more light on the people who inhabited the site. The present volume discusses general themes that have emerged in the analysis and interpretation of the results of excavations in 2000-2008. It synthesizes the results of research described in other volumes in the same series."--Page 4 of cover.</subfield>
      </datafield>
      <datafield tag="651" ind1=" " ind2="0">
         <subfield code="a">Çatal Mound (Turkey)</subfield>
      </datafield>
      <datafield tag="650" ind1=" " ind2="0">
         <subfield code="a">Excavations (Archaeology)</subfield>
         <subfield code="z">Turkey</subfield>
         <subfield code="z">Çatal Mound.</subfield>
      </datafield>
      <datafield tag="650" ind1=" " ind2="0">
         <subfield code="a">Neolithic period</subfield>
         <subfield code="z">Turkey</subfield>
         <subfield code="z">Çatal Mound.</subfield>
      </datafield>
      <datafield tag="650" ind1=" " ind2="0">
         <subfield code="a">Antiquities, Prehistoric</subfield>
         <subfield code="z">Turkey</subfield>
         <subfield code="z">Çatal Mound.</subfield>
      </datafield>
      <datafield tag="650" ind1=" " ind2="7">
         <subfield code="a">Excavations (Archaeology)</subfield>
         <subfield code="2">fast</subfield>
         <subfield code="0">(OCoLC)fst00917564</subfield>
      </datafield>
      <datafield tag="651" ind1=" " ind2="7">
         <subfield code="a">Turkey</subfield>
         <subfield code="z">Çatal Mound.</subfield>
         <subfield code="2">fast</subfield>
         <subfield code="0">(OCoLC)fst01240831</subfield>
      </datafield>
      <datafield tag="700" ind1="1" ind2=" ">
         <subfield code="a">Hodder, Ian,</subfield>
         <subfield code="e">editor.</subfield>
      </datafield>
      <datafield tag="830" ind1=" " ind2="0">
         <subfield code="a">Çatalhöyük Project (Series) ;</subfield>
         <subfield code="v">v. 10.</subfield>
      </datafield>
      <datafield tag="830" ind1=" " ind2="0">
         <subfield code="a">Monograph (British Institute of Archaeology at Ankara) ;</subfield>
         <subfield code="v">no. 49.</subfield>
      </datafield>
      <datafield tag="830" ind1=" " ind2="0">
         <subfield code="a">Monumenta archaeologica (Los Angeles, Calif.) ;</subfield>
         <subfield code="v">v. 32.</subfield>
      </datafield>
      <datafield tag="OWN" ind1=" " ind2=" ">
         <subfield code="a">GENERAL</subfield>
      </datafield>
      <datafield tag="AVA" ind1=" " ind2=" ">
         <subfield code="a">NYU50</subfield>
         <subfield code="b">NISAW</subfield>
         <subfield code="c">Large Collection</subfield>
         <subfield code="d">GN776.32.T9 I58 2014</subfield>
         <subfield code="e">available</subfield>
         <subfield code="t">Available</subfield>
         <subfield code="f">1</subfield>
         <subfield code="g">0</subfield>
         <subfield code="h">N</subfield>
         <subfield code="i">0</subfield>
         <subfield code="j">LARGE</subfield>
         <subfield code="k">0</subfield>
      </datafield>
      <marc:datafield tag="852" ind1=" " ind2=" ">
         <marc:subfield code="b">Institute for the Study of the Ancient World, </marc:subfield>
         <marc:subfield code="c">Large Collection</marc:subfield>
         <marc:subfield code="e">15 East 84th St., </marc:subfield>
         <marc:subfield code="e">New York, NY  10028</marc:subfield>
      </marc:datafield>
   </record>