
  
  
  
  
  
  
  
  
 
  
  <record xsi:schemaLocation="http://www.loc.gov/MARC21/slim http://www.loc.gov/standards/marcxml/schema/MARC21slim.xsd">
      <leader>00000cam a2200529 a 4500</leader>
      <controlfield tag="FMT">BK</controlfield>
      <controlfield tag="LDR">00000cam a2200529 a 4500</controlfield>
      <controlfield tag="001">003952454</controlfield>
      <controlfield tag="003">OCoLC</controlfield>
      <controlfield tag="005">20160818124327.0</controlfield>
      <controlfield tag="006">m        u</controlfield>
      <controlfield tag="007">cr cn |||m|||a</controlfield>
      <controlfield tag="008">130809s2013    enkae    b    000 0 eng d</controlfield>
      <datafield tag="015" ind1=" " ind2=" ">
         <subfield code="a">GBB374932</subfield>
         <subfield code="2">bnb</subfield>
      </datafield>
      <datafield tag="016" ind1="7" ind2=" ">
         <subfield code="a">016478877</subfield>
         <subfield code="2">Uk</subfield>
      </datafield>
      <datafield tag="020" ind1=" " ind2=" ">
         <subfield code="a">9781898249313 (hbk.)</subfield>
      </datafield>
      <datafield tag="020" ind1=" " ind2=" ">
         <subfield code="a">1898249318 (hbk.)</subfield>
      </datafield>
      <datafield tag="035" ind1="7" ind2=" ">
         <subfield code="a">ybp10185619</subfield>
      </datafield>
      <datafield tag="035" ind1=" " ind2=" ">
         <subfield code="a">(OCoLC)857110346</subfield>
      </datafield>
      <datafield tag="040" ind1=" " ind2=" ">
         <subfield code="a">UKMGB</subfield>
         <subfield code="b">eng</subfield>
         <subfield code="c">UKMGB</subfield>
         <subfield code="d">OCLCO</subfield>
         <subfield code="d">YDXCP</subfield>
         <subfield code="d">CHVBK</subfield>
         <subfield code="d">COO</subfield>
         <subfield code="d">CDX</subfield>
         <subfield code="d">LTSCA</subfield>
         <subfield code="d">NDD</subfield>
         <subfield code="d">NNU</subfield>
      </datafield>
      <datafield tag="043" ind1=" " ind2=" ">
         <subfield code="a">a-tu---</subfield>
      </datafield>
      <datafield tag="050" ind1=" " ind2="4">
         <subfield code="a">GN855.T83</subfield>
         <subfield code="b">S83 2013</subfield>
      </datafield>
      <datafield tag="082" ind1="0" ind2="4">
         <subfield code="a">939.2</subfield>
         <subfield code="2">23</subfield>
      </datafield>
      <datafield tag="245" ind1="0" ind2="0">
         <subfield code="a">Substantive technologies at Çatalhöyük :</subfield>
         <subfield code="b">reports from the 2000-2008 seasons /</subfield>
         <subfield code="c">edited by Ian Hodder.</subfield>
      </datafield>
      <datafield tag="264" ind1=" " ind2="1">
         <subfield code="a">London :</subfield>
         <subfield code="b">British Institute of Archaeology at Ankara ;</subfield>
         <subfield code="a">Los Angeles CA :</subfield>
         <subfield code="b">Cotsen Institute of Archaeology at UCLA,</subfield>
         <subfield code="c">c2013.</subfield>
      </datafield>
      <datafield tag="300" ind1=" " ind2=" ">
         <subfield code="a">xxix, 507 pages :</subfield>
         <subfield code="b">illustrations, plans ;</subfield>
         <subfield code="c">29 cm. +</subfield>
         <subfield code="e">1 CD-ROM (4 3/4 in.)</subfield>
      </datafield>
      <datafield tag="336" ind1=" " ind2=" ">
         <subfield code="a">text</subfield>
         <subfield code="b">txt</subfield>
         <subfield code="2">rdacontent</subfield>
      </datafield>
      <datafield tag="336" ind1=" " ind2=" ">
         <subfield code="a">still image</subfield>
         <subfield code="b">sti</subfield>
         <subfield code="2">rdacontent</subfield>
      </datafield>
      <datafield tag="337" ind1=" " ind2=" ">
         <subfield code="a">unmediated</subfield>
         <subfield code="b">n</subfield>
         <subfield code="2">rdamedia</subfield>
      </datafield>
      <datafield tag="337" ind1=" " ind2=" ">
         <subfield code="3">CD-ROM</subfield>
         <subfield code="a">computer</subfield>
         <subfield code="b">c</subfield>
         <subfield code="2">rdamedia</subfield>
      </datafield>
      <datafield tag="338" ind1=" " ind2=" ">
         <subfield code="a">volume</subfield>
         <subfield code="b">nc</subfield>
         <subfield code="2">rdacarrier</subfield>
      </datafield>
      <datafield tag="338" ind1=" " ind2=" ">
         <subfield code="3">CD-ROM</subfield>
         <subfield code="a">computer disc</subfield>
         <subfield code="b">cd</subfield>
         <subfield code="2">rdacarrier</subfield>
      </datafield>
      <datafield tag="490" ind1="1" ind2=" ">
         <subfield code="a">Çatalhöyük Research Project ;</subfield>
         <subfield code="v">v. 9</subfield>
      </datafield>
      <datafield tag="490" ind1="1" ind2=" ">
         <subfield code="a">BIAA monograph ;</subfield>
         <subfield code="v">no. 48</subfield>
      </datafield>
      <datafield tag="490" ind1="1" ind2=" ">
         <subfield code="a">Monumenta archaeologica ;</subfield>
         <subfield code="v">31</subfield>
      </datafield>
      <datafield tag="504" ind1=" " ind2=" ">
         <subfield code="a">Includes bibliographical references (p. 479-507)</subfield>
      </datafield>
      <datafield tag="505" ind1="0" ind2="0">
         <subfield code="g">Introduction.</subfield>
         <subfield code="t">Becoming Entangled in Things /</subfield>
         <subfield code="r">Ian Hodder --</subfield>
         <subfield code="t">An Integrated Perspective on the Uses of Materials at Çatalhöyük Based on the Analysis of Heavy Residues /</subfield>
         <subfield code="r">Slobodan Mitrović &amp; Milena Vasić.</subfield>
         <subfield code="t">A Settlement of Clay.</subfield>
         <subfield code="t">Sourcing Çatalhöyük 's Clays /</subfield>
         <subfield code="r">Chris Doherty --</subfield>
         <subfield code="t">Building with Mud : An Analysis of Architectural Materials at Çatalhöyük /</subfield>
         <subfield code="r">Burcu Tung --</subfield>
         <subfield code="t">An Archaeology of Mudbrick Houses from Çatalhöyük /</subfield>
         <subfield code="r">Serena Love --</subfield>
         <subfield code="t">New Discoveries in House Construction at Çatalhöyük /</subfield>
         <subfield code="r">Mirjana Stevanović --</subfield>
         <subfield code="t">Biographies of Architectural Materials and Buildings : Integrating High-resolution Micro-analysis and Geochemistry /</subfield>
         <subfield code="r">Wendy Matthews, Matthew J. Almond, Emma Anderson, Joanne Wiles, Helen Williams &amp; James Rowe --</subfield>
         <subfield code="t">Structural Fires at Çatalhöyük /</subfield>
         <subfield code="r">Karl Harrison, Victoria Martin &amp; Brooke Webster --</subfield>
         <subfield code="t">The Neolithic Pottery of Çatalhöyük : Recent Studies /</subfield>
         <subfield code="r">Nurcan Yalman, Duygu Tarkan, Hilal Gültekin --</subfield>
         <subfield code="t">Pottery Production at Çatalhöyük : A Petrographic Perspective /</subfield>
         <subfield code="r">Christopher Doherty &amp; Duygu Tarkan --</subfield>
         <subfield code="t">Absorbed Lipid Residues in the Çatalhöyük Pottery /</subfield>
         <subfield code="r">Sharmini Pitter, Nurcan Yalman &amp; Richard Evershed --</subfield>
         <subfield code="t">Figurine Worlds at Çatalhöyük /</subfield>
         <subfield code="r">Carolyn Nakamura &amp; Lynn Meskell --</subfield>
         <subfield code="t">Çatalhöyük Stamp Seals from 2000 to 2008 /</subfield>
         <subfield code="r">Ali Umut Türkcan --</subfield>
         <subfield code="t">Clay Balls, Mini Balls and Geometric Objects /</subfield>
         <subfield code="r">Sonya Atalay --</subfield>
         <subfield code="t">Geometric Clay Objects /</subfield>
         <subfield code="r">Lucy Bennison-Chapman.</subfield>
      </datafield>
      <datafield tag="505" ind1="8" ind2="0">
         <subfield code="t">Demanding Technologies.</subfield>
         <subfield code="t">Çatalhöyük Worked Bone : South and 4040 Areas /</subfield>
         <subfield code="r">Nerissa Russell &amp; Janet L. Griffitts --</subfield>
         <subfield code="t">The Metallic Finds from Çatalhöyük : A Review and Preliminary New Work /</subfield>
         <subfield code="r">Thomas Birch, Thilo Rehren &amp; Ernst Pernicka</subfield>
         <subfield code="t">Çatalhöyük Wall Paintings : Materials, Technologies and Artists /</subfield>
         <subfield code="r">Duygu Çamurcuoğlu --</subfield>
         <subfield code="t">A Technological Approach to the Study of Personal Ornamentation and Social Expression at Çatalhöyük /</subfield>
         <subfield code="r">Roseleen Bains, Milena Vasić, Daniella E. Bar-Yosef Mayer, Nerissa Russell, Katherine I. Wright &amp; Chris Doherty --</subfield>
         <subfield code="t">The Ground Stone Technologies of Çatalhöyük /</subfield>
         <subfield code="r">Katherine I. Wright with contributations by Christina Tsoraki-Chan &amp; Ruth Siddall --</subfield>
         <subfield code="t">The Chipped Stone /</subfield>
         <subfield code="r">Tristan Carter &amp; Marina Milić.</subfield>
      </datafield>
      <datafield tag="650" ind1=" " ind2="0">
         <subfield code="a">Excavations (Archaeology)</subfield>
         <subfield code="z">Turkey</subfield>
         <subfield code="z">Çatal Mound.</subfield>
      </datafield>
      <datafield tag="650" ind1=" " ind2="0">
         <subfield code="a">Neolithic period</subfield>
         <subfield code="z">Turkey</subfield>
         <subfield code="z">Çatal Mound.</subfield>
      </datafield>
      <datafield tag="650" ind1=" " ind2="0">
         <subfield code="a">Social archaeology</subfield>
         <subfield code="z">Turkey</subfield>
         <subfield code="z">Çatal Mound.</subfield>
      </datafield>
      <datafield tag="650" ind1=" " ind2="0">
         <subfield code="a">Material culture</subfield>
         <subfield code="z">Turkey</subfield>
         <subfield code="z">Çatal Mound.</subfield>
      </datafield>
      <datafield tag="651" ind1=" " ind2="0">
         <subfield code="a">Çatal Mound (Turkey)</subfield>
         <subfield code="x">Antiquities.</subfield>
      </datafield>
      <datafield tag="700" ind1="1" ind2=" ">
         <subfield code="a">Hodder, Ian,</subfield>
         <subfield code="e">editor of compilation.</subfield>
      </datafield>
      <datafield tag="710" ind1="2" ind2=" ">
         <subfield code="a">British Institute of Archaeology at Ankara,</subfield>
         <subfield code="e">publisher.</subfield>
      </datafield>
      <datafield tag="830" ind1=" " ind2="0">
         <subfield code="a">Monumenta archaeologica (Los Angeles, Calif.) ;</subfield>
         <subfield code="v">v. 31.</subfield>
      </datafield>
      <datafield tag="830" ind1=" " ind2="0">
         <subfield code="a">Çatalhöyük Project (Series) ;</subfield>
         <subfield code="v">9.</subfield>
      </datafield>
      <datafield tag="830" ind1=" " ind2="0">
         <subfield code="a">Monograph (British Institute of Archaeology at Ankara) ;</subfield>
         <subfield code="v">no. 48.</subfield>
      </datafield>
      <datafield tag="OWN" ind1=" " ind2=" ">
         <subfield code="a">GENERAL</subfield>
      </datafield>
      <datafield tag="AVA" ind1=" " ind2=" ">
         <subfield code="a">NYU50</subfield>
         <subfield code="b">NISAW</subfield>
         <subfield code="c">Large Collection</subfield>
         <subfield code="d">GN855.T83 S83 2013</subfield>
         <subfield code="e">available</subfield>
         <subfield code="t">Available</subfield>
         <subfield code="f">1</subfield>
         <subfield code="g">0</subfield>
         <subfield code="h">N</subfield>
         <subfield code="i">0</subfield>
         <subfield code="j">LARGE</subfield>
         <subfield code="k">0</subfield>
      </datafield>
      <marc:datafield tag="852" ind1=" " ind2=" ">
         <marc:subfield code="b">Institute for the Study of the Ancient World, </marc:subfield>
         <marc:subfield code="c">Large Collection</marc:subfield>
         <marc:subfield code="e">15 East 84th St., </marc:subfield>
         <marc:subfield code="e">New York, NY  10028</marc:subfield>
      </marc:datafield>
   </record>