
  
  
  
  
  
  
  
 
  
  <record xsi:schemaLocation="http://www.loc.gov/MARC21/slim http://www.loc.gov/standards/marcxml/schema/MARC21slim.xsd">
      <leader>00000cam a2200445 i 4500</leader>
      <controlfield tag="FMT">BK</controlfield>
      <controlfield tag="LDR">00000cam a2200445 i 4500</controlfield>
      <controlfield tag="001">004319958</controlfield>
      <controlfield tag="003">OCoLC</controlfield>
      <controlfield tag="005">20160818123419.0</controlfield>
      <controlfield tag="008">160627t20162016ne a     b    001 0 eng</controlfield>
      <datafield tag="010" ind1=" " ind2=" ">
         <subfield code="a">2016006996</subfield>
      </datafield>
      <datafield tag="020" ind1=" " ind2=" ">
         <subfield code="a">9789004315617</subfield>
         <subfield code="q">(hardback ;</subfield>
         <subfield code="q">alk. paper)</subfield>
      </datafield>
      <datafield tag="020" ind1=" " ind2=" ">
         <subfield code="a">9004315616</subfield>
         <subfield code="q">(hardback ;</subfield>
         <subfield code="q">alk. paper)</subfield>
      </datafield>
      <datafield tag="020" ind1=" " ind2=" ">
         <subfield code="z">9789004315631</subfield>
         <subfield code="q">(ebook)</subfield>
      </datafield>
      <datafield tag="035" ind1=" " ind2=" ">
         <subfield code="a">(OCoLC)934238904</subfield>
      </datafield>
      <datafield tag="040" ind1=" " ind2=" ">
         <subfield code="a">DLC</subfield>
         <subfield code="b">eng</subfield>
         <subfield code="e">rda</subfield>
         <subfield code="c">STF</subfield>
         <subfield code="d">DLC</subfield>
         <subfield code="d">YDXCP</subfield>
         <subfield code="d">BTCTA</subfield>
         <subfield code="d">ERASA</subfield>
         <subfield code="d">OCLCF</subfield>
         <subfield code="d">CDX</subfield>
         <subfield code="d">OCLCO</subfield>
         <subfield code="d">NNU</subfield>
      </datafield>
      <datafield tag="042" ind1=" " ind2=" ">
         <subfield code="a">pcc</subfield>
      </datafield>
      <datafield tag="050" ind1="0" ind2="0">
         <subfield code="a">QB16</subfield>
         <subfield code="b">.C57 2016</subfield>
      </datafield>
      <datafield tag="082" ind1="0" ind2="0">
         <subfield code="a">520.93</subfield>
         <subfield code="2">23</subfield>
      </datafield>
      <datafield tag="245" ind1="0" ind2="4">
         <subfield code="a">The circulation of astronomical knowledge in the ancient world /</subfield>
         <subfield code="c">edited by John M. Steele.</subfield>
      </datafield>
      <datafield tag="264" ind1=" " ind2="1">
         <subfield code="a">Leiden ;</subfield>
         <subfield code="a">Boston :</subfield>
         <subfield code="b">Brill,</subfield>
         <subfield code="c">2016.</subfield>
      </datafield>
      <datafield tag="264" ind1=" " ind2="4">
         <subfield code="c">Copyright 2016</subfield>
      </datafield>
      <datafield tag="300" ind1=" " ind2=" ">
         <subfield code="a">x, 585 pages :</subfield>
         <subfield code="b">illustrations ;</subfield>
         <subfield code="c">25 cm.</subfield>
      </datafield>
      <datafield tag="336" ind1=" " ind2=" ">
         <subfield code="a">text</subfield>
         <subfield code="b">txt</subfield>
         <subfield code="2">rdacontent</subfield>
      </datafield>
      <datafield tag="337" ind1=" " ind2=" ">
         <subfield code="a">unmediated</subfield>
         <subfield code="b">n</subfield>
         <subfield code="2">rdamedia</subfield>
      </datafield>
      <datafield tag="338" ind1=" " ind2=" ">
         <subfield code="a">volume</subfield>
         <subfield code="b">nc</subfield>
         <subfield code="2">rdacarrier</subfield>
      </datafield>
      <datafield tag="490" ind1="1" ind2=" ">
         <subfield code="a">Time, astronomy, and calendars : texts and studies ;</subfield>
         <subfield code="v">volume 6</subfield>
      </datafield>
      <datafield tag="504" ind1=" " ind2=" ">
         <subfield code="a">Includes bibliographical references and index.</subfield>
      </datafield>
      <datafield tag="505" ind1="0" ind2="0">
         <subfield code="t">The Brown School of the History of Science: Historiography and the Astral Sciences /</subfield>
         <subfield code="r">Francesca Rochberg --</subfield>
         <subfield code="t">Astral Knowledge in an International Age: Transmission of the Cuneiform Tradition, ca. 1500–1000b.c. /</subfield>
         <subfield code="r">Matthew T. Rutz --</subfield>
         <subfield code="t">Traditions of Mesopotamian Celestial-Divinatory Schemes and the 4th Tablet of Šumma Sin ina Tāmartišu /</subfield>
         <subfield code="r">Zackary Wainer --</subfield>
         <subfield code="t">The Circulation of Astronomical Knowledge between Babylon and Uruk /</subfield>
         <subfield code="r">John M. Steele --</subfield>
         <subfield code="t">The Micro-Zodiac in Babylon and Uruk: Seleucid Zodiacal Astrology /</subfield>
         <subfield code="r">M. Willis Monroe --</subfield>
         <subfield code="t">Virtual Moons over Babylonia: The Calendar Text System, Its Micro-Zodiac of 13, and the Making of Medical Zodiology /</subfield>
         <subfield code="r">John Z. Wee --</subfield>
         <subfield code="t">On the Concomitancy of the Seemingly Incommensurable, or Why Egyptian Astral Tradition Needs to be Analyzed within Its Cultural Context /</subfield>
         <subfield code="r">Joachim Friedrich Quack --</subfield>
         <subfield code="t">Some Astrologers and Their Handbooks in Demotic Egyptian /</subfield>
         <subfield code="r">Andreas Winkler --</subfield>
         <subfield code="t">The Anaphoricus of Hypsicles of Alexandria /</subfield>
         <subfield code="r">Clemency Montelle --</subfield>
         <subfield code="t">Interpolated Observations and Historical Observational Records in Ptolemy’s Astronomy /</subfield>
         <subfield code="r">Alexander Jones --</subfield>
         <subfield code="t">Mesopotamian Lunar Omens in Justinian’s Constantinople /</subfield>
         <subfield code="r">Zoë Misiewicz --</subfield>
         <subfield code="t">A Parallel Universe: The Transmission of Astronomical Terminology in Early Chinese Almanacs /</subfield>
         <subfield code="r">Ethan Harkness --</subfield>
         <subfield code="t">Mercury and the Case for Plural Planetary Traditions in Early Imperial China /</subfield>
         <subfield code="r">Daniel Patrick Morgan --</subfield>
         <subfield code="t">Calendrical Systems in Early Imperial China: Reform, Evaluation and Tradition /</subfield>
         <subfield code="r">Yuzhen Guan --</subfield>
         <subfield code="t">The Twelve Signs of the Zodiac during the Tang and Song Dynasties: A Set of Signs Which Lost Their Meanings within Chinese Horoscopic Astrology /</subfield>
         <subfield code="r">Shenmi Song --</subfield>
         <subfield code="t">On the Dunhuang Manuscript p.4071: A Case Study on the Sinicization of Western Horoscope in Late 10th Century China /</subfield>
         <subfield code="r">Weixing Niu --</subfield>
         <subfield code="t">Were Planetary Models of Ancient India Strongly Influenced by Greek Astronomy? /</subfield>
         <subfield code="r">Dennis Duke.</subfield>
      </datafield>
      <datafield tag="650" ind1=" " ind2="0">
         <subfield code="a">Astronomy, Ancient.</subfield>
      </datafield>
      <datafield tag="650" ind1=" " ind2="7">
         <subfield code="a">Astronomy, Ancient.</subfield>
         <subfield code="2">fast</subfield>
         <subfield code="0">(OCoLC)fst00819761</subfield>
      </datafield>
      <datafield tag="700" ind1="1" ind2=" ">
         <subfield code="a">Steele, John M.,</subfield>
         <subfield code="e">editor.</subfield>
      </datafield>
      <datafield tag="776" ind1="0" ind2="8">
         <subfield code="i">Online version:</subfield>
         <subfield code="t">Circulation of astronomical knowledge in the ancient world.</subfield>
         <subfield code="d">Leiden ; Boston : Brill, 2016</subfield>
         <subfield code="z">9789004315631</subfield>
         <subfield code="w">(DLC) 2016007877</subfield>
      </datafield>
      <datafield tag="830" ind1=" " ind2="0">
         <subfield code="a">Time, astronomy, and calendars ;</subfield>
         <subfield code="v">v. 6.</subfield>
      </datafield>
      <datafield tag="994" ind1=" " ind2=" ">
         <subfield code="a">Z0</subfield>
         <subfield code="b">ZYU</subfield>
      </datafield>
      <datafield tag="OWN" ind1=" " ind2=" ">
         <subfield code="a">GENERAL</subfield>
      </datafield>
      <datafield tag="AVA" ind1=" " ind2=" ">
         <subfield code="a">NYU50</subfield>
         <subfield code="b">NISAW</subfield>
         <subfield code="c">Small Collection</subfield>
         <subfield code="d">QB16 .C57 2016</subfield>
         <subfield code="e">available</subfield>
         <subfield code="t">Available</subfield>
         <subfield code="f">1</subfield>
         <subfield code="g">0</subfield>
         <subfield code="h">N</subfield>
         <subfield code="i">0</subfield>
         <subfield code="j">SMALL</subfield>
         <subfield code="k">0</subfield>
      </datafield>
      <marc:datafield tag="852" ind1=" " ind2=" ">
         <marc:subfield code="b">Institute for the Study of the Ancient World, </marc:subfield>
         <marc:subfield code="c">Small Collection</marc:subfield>
         <marc:subfield code="e">15 East 84th St., </marc:subfield>
         <marc:subfield code="e">New York, NY  10028</marc:subfield>
      </marc:datafield>
   </record>