
  
  
  
  
  
  
  
 
  
  <record xsi:schemaLocation="http://www.loc.gov/MARC21/slim http://www.loc.gov/standards/marcxml/schema/MARC21slim.xsd">
      <leader>00000cam a2201021 a 4500</leader>
      <controlfield tag="FMT">BK</controlfield>
      <controlfield tag="LDR">00000cam a2201021 a 4500</controlfield>
      <controlfield tag="001">001206355</controlfield>
      <controlfield tag="003">OCoLC</controlfield>
      <controlfield tag="005">20160630131912.0</controlfield>
      <controlfield tag="008">950726s1996    gau      b    001 0 eng</controlfield>
      <datafield tag="010" ind1=" " ind2=" ">
         <subfield code="a">95020756</subfield>
      </datafield>
      <datafield tag="020" ind1=" " ind2=" ">
         <subfield code="a">0788501534</subfield>
         <subfield code="q">(cloth : alk. paper)</subfield>
      </datafield>
      <datafield tag="020" ind1=" " ind2=" ">
         <subfield code="a">9780788501531</subfield>
         <subfield code="q">(cloth : alk. paper)</subfield>
      </datafield>
      <datafield tag="020" ind1=" " ind2=" ">
         <subfield code="a">0788501542</subfield>
         <subfield code="q">(paper : alk. paper)</subfield>
      </datafield>
      <datafield tag="020" ind1=" " ind2=" ">
         <subfield code="a">9780788501548</subfield>
         <subfield code="q">(paper : alk. paper)</subfield>
      </datafield>
      <datafield tag="035" ind1=" " ind2=" ">
         <subfield code="a">(OCoLC)32970196</subfield>
      </datafield>
      <datafield tag="040" ind1=" " ind2=" ">
         <subfield code="a">DLC</subfield>
         <subfield code="b">eng</subfield>
         <subfield code="c">DLC</subfield>
         <subfield code="d">BAKER</subfield>
         <subfield code="d">NLGGC</subfield>
         <subfield code="d">BTCTA</subfield>
         <subfield code="d">YDXCP</subfield>
         <subfield code="d">ZWZ</subfield>
         <subfield code="d">HEBIS</subfield>
         <subfield code="d">CS1</subfield>
         <subfield code="d">OCLCQ</subfield>
         <subfield code="d">GBVCP</subfield>
         <subfield code="d">OCLCF</subfield>
         <subfield code="d">OCLCQ</subfield>
         <subfield code="d">MXL</subfield>
         <subfield code="d">OCLCO</subfield>
         <subfield code="d">DEBBG</subfield>
         <subfield code="d">NNU</subfield>
      </datafield>
      <datafield tag="041" ind1="1" ind2=" ">
         <subfield code="a">eng</subfield>
         <subfield code="h">hit</subfield>
      </datafield>
      <datafield tag="043" ind1=" " ind2=" ">
         <subfield code="a">aw-----</subfield>
      </datafield>
      <datafield tag="050" ind1="0" ind2="0">
         <subfield code="a">KL4712.A3</subfield>
         <subfield code="b">E5 1996</subfield>
      </datafield>
      <datafield tag="082" ind1="0" ind2="0">
         <subfield code="a">341/.0264392</subfield>
         <subfield code="2">20</subfield>
      </datafield>
      <datafield tag="084" ind1=" " ind2=" ">
         <subfield code="a">18.68</subfield>
         <subfield code="2">bcl</subfield>
      </datafield>
      <datafield tag="084" ind1=" " ind2=" ">
         <subfield code="a">15.26</subfield>
         <subfield code="2">bcl</subfield>
      </datafield>
      <datafield tag="084" ind1=" " ind2=" ">
         <subfield code="a">EW 310</subfield>
         <subfield code="2">rvk</subfield>
      </datafield>
      <datafield tag="090" ind1=" " ind2=" ">
         <subfield code="a">KL4712.2</subfield>
         <subfield code="b">.A4 1996</subfield>
      </datafield>
      <datafield tag="100" ind1="1" ind2=" ">
         <subfield code="a">Beckman, Gary M.</subfield>
      </datafield>
      <datafield tag="245" ind1="1" ind2="0">
         <subfield code="a">Hittite diplomatic texts /</subfield>
         <subfield code="c">by Gary Beckman ; edited by Harry A. Hoffner, Jr.</subfield>
      </datafield>
      <datafield tag="260" ind1=" " ind2=" ">
         <subfield code="a">Atlanta, Ga. :</subfield>
         <subfield code="b">Scholars Press,</subfield>
         <subfield code="c">©1996.</subfield>
      </datafield>
      <datafield tag="300" ind1=" " ind2=" ">
         <subfield code="a">xx, 206 pages ;</subfield>
         <subfield code="c">24 cm.</subfield>
      </datafield>
      <datafield tag="336" ind1=" " ind2=" ">
         <subfield code="a">text</subfield>
         <subfield code="b">txt</subfield>
         <subfield code="2">rdacontent</subfield>
      </datafield>
      <datafield tag="337" ind1=" " ind2=" ">
         <subfield code="a">unmediated</subfield>
         <subfield code="b">n</subfield>
         <subfield code="2">rdamedia</subfield>
      </datafield>
      <datafield tag="338" ind1=" " ind2=" ">
         <subfield code="a">volume</subfield>
         <subfield code="b">nc</subfield>
         <subfield code="2">rdacarrier</subfield>
      </datafield>
      <datafield tag="490" ind1="1" ind2=" ">
         <subfield code="a">Writings from the ancient world ;</subfield>
         <subfield code="v">v. 7</subfield>
      </datafield>
      <datafield tag="504" ind1=" " ind2=" ">
         <subfield code="a">Includes bibliographical references (pages 181-193) and indexes.</subfield>
      </datafield>
      <datafield tag="505" ind1="0" ind2=" ">
         <subfield code="a">I. Treaties -- Treaty between a king of Hatti and Paddatissu of Kizzuwatna -- Treaty between Tudhaliya II of Hatti and Sunashshura of Kizzuwatna -- Treaty between Suppiluliuma I of Hatti and Huqqana of Hayasa -- Treaty between Suppiluliuma I of Hatti and Niqmaddu II of Ugarit -- Treaty between Suppiluliuma I of Hatti and Aziru of Amurru -- Treaty between Suppiluliuma I of Hatti and Shattiwaza of Mittanni -- Treaty between Shattiwaza of Mittanni and Suppiluliuma I of Hatti -- Treaty between Suppiluliuma I of Hatti and Tuppi-Teshshup of Amurru -- Treaty between Mursili II of Hatti and Niqmepa of Ugarit -- Treaty between Mursili II of Hatti and Targasnalli of Hapalla -- Treaty between Mursili II of Hatti and Kapanta-Kurunta of Mira-Kuwaliya -- Treaty between Mursili II of Hatti and Manapa-Tarhunta of the Land of the Seha River --</subfield>
      </datafield>
      <datafield tag="505" ind1="8" ind2=" ">
         <subfield code="a">Treaty between Muwattalli II of Hatti and Alaksandu of Wilusa -- Treaty between Muwattalli II of Hatti and Talmi-Sharrumma of Aleppo -- Treaty between Hattusili III of Hatti and Ramses II of Egypt -- Treaty Between Hattusili II of Hatti and Benteshina of Amurru -- Treaty between Tudhaliya IV of Hatti and Shaushga-muwa of Amurru -- Edict of Hattusili III of Hatti concerning military obligations of Kurunta of Tarhuntassa -- Treaty between Hattusili II of Hatti and Ulmi-Teshshup of Tarhuntassa -- Treaty between Tudhaliya IV of Hatti and Kurunta of Tarhuntassa.</subfield>
      </datafield>
      <datafield tag="505" ind1="8" ind2=" ">
         <subfield code="a">II. Diplomatic correspondence -- Letter from Suppiluliuma I of Hatti to Niqmaddu II of Ugarit -- Copy of letter from Sharri-Kushuh of Carchemish to Niqmaddu II of Ugarit -- Letter from Prince Piha-walwi of Hatti to Ibiranu of Ugarit -- Letter from Prince Sutahapshap of Egypt to Hattusili II of Hatti -- Letter from Queen Naptera of Egypt to Puduhepa of Hatti -- Letter from Ramses II of Egypt to Prince Tashmi-Sharrumma of Hatti -- Letter from Ramses II of Egypt to Kupanta-Kurunta of Mira-Kuwaliya -- Letter from Queen Puduhepa of Hatti to Ramses II of Egypt -- Letter from Ramses II of Egypt to Puduhepa of Hatti -- Letter from Ramses II of Egypt to Hattusli III of Hatti -- Letter from Hattusili III of Hatti to Kadashman-Enlil II of Babylon -- Letter from Urhi-Teshshup(?) of Hatti to Adad-nirari I of Assyria -- Letter from Hattusili III of Hatti to Adad-nirari I of Assyria -- Letter from Tudhaliya IV of Hatti to an Assyrian nobleman -- Letter from a king of Hanigalbat to a king of Hatti -- Letter from Mashuiluwa of Mira-Kuwaliya to Mursili I of Hatti --</subfield>
      </datafield>
      <datafield tag="505" ind1="8" ind2=" ">
         <subfield code="a">III. Miscellaneous texts -- Indictment of Madduwatta by Arnuwanda I of Hatti -- Edict of Suppiluliuma I of Hatti concerning the tribute of Ugarit -- Inventory of Ugaritic tribute to Hatti -- Edicts of Mursili II of Hatti recognizing the status of Piyassili of Carchemish -- Arbitration of Syrian disputes of Mursili II of Hatti -- Edict of Mursili II of Hatti concerning the frontiers of Ugarit -- Edicts of Mursili II of Hatti concerning the tribute of Ugarit -- Edicts of Hattusili III of Hatti concerning the merchants of Ura at Ugarit -- Edict of Hattusili III of Hatti concerning fugitives from Ugarit -- Edicts of Puduhepa of Hatti concerning shipping losses at Ugarit -- Edict of Ini-Teshshup of Carchemish concerning the banishment of the brothers of Ammistamru II of Ugarit -- Edict of Tudhaliya IV of Hatti concerning the divorce of Ammistamru II of Ugarit -- Edict of Ini-Teshshup of Carchemish concerning the divorce of Ammistamru II of Ugarit -- Edict of Tudhaliya IV of Hatti releasing Ammistamru II of Ugarit from participation in war against Assyria -- Edict of Talmi-Teshshup of Carchemish returning property to Ammurapi of Ugarit -- Edict of Talmi-Teshshup of Carchemish returning dowry to Ehli-Nikkalu -- Letter of Talmi-Teshshup of Carchemish to Ammurapi of Ugarit concerning his divorce.</subfield>
      </datafield>
      <datafield tag="650" ind1=" " ind2="0">
         <subfield code="a">Hittites</subfield>
         <subfield code="v">Treaties.</subfield>
      </datafield>
      <datafield tag="650" ind1=" " ind2="0">
         <subfield code="a">Law, Hittite</subfield>
         <subfield code="v">Sources.</subfield>
      </datafield>
      <datafield tag="650" ind1=" " ind2="0">
         <subfield code="a">Hittites</subfield>
         <subfield code="x">History</subfield>
         <subfield code="v">Sources.</subfield>
      </datafield>
      <datafield tag="650" ind1=" " ind2="7">
         <subfield code="a">Hittites.</subfield>
         <subfield code="2">fast</subfield>
         <subfield code="0">(OCoLC)fst00958415</subfield>
      </datafield>
      <datafield tag="650" ind1=" " ind2="7">
         <subfield code="a">Law, Hittite.</subfield>
         <subfield code="2">fast</subfield>
         <subfield code="0">(OCoLC)fst00994221</subfield>
      </datafield>
      <datafield tag="653" ind1=" " ind2="0">
         <subfield code="a">Hittites</subfield>
         <subfield code="a">Treaties.</subfield>
      </datafield>
      <datafield tag="653" ind1=" " ind2="0">
         <subfield code="a">Law, Hittite</subfield>
         <subfield code="a">Sources.</subfield>
      </datafield>
      <datafield tag="655" ind1=" " ind2="7">
         <subfield code="a">Sources.</subfield>
         <subfield code="2">fast</subfield>
         <subfield code="0">(OCoLC)fst01423900</subfield>
      </datafield>
      <datafield tag="655" ind1=" " ind2="7">
         <subfield code="a">Treaties.</subfield>
         <subfield code="2">fast</subfield>
         <subfield code="0">(OCoLC)fst01423868</subfield>
      </datafield>
      <datafield tag="700" ind1="1" ind2=" ">
         <subfield code="a">Hoffner, Harry A.</subfield>
      </datafield>
      <datafield tag="776" ind1="0" ind2="8">
         <subfield code="i">Online version:</subfield>
         <subfield code="a">Beckman, Gary M.</subfield>
         <subfield code="t">Hittite diplomatic texts.</subfield>
         <subfield code="d">Atlanta, Ga. : Scholars Press, ©1996</subfield>
         <subfield code="w">(OCoLC)622308951</subfield>
      </datafield>
      <datafield tag="830" ind1=" " ind2="0">
         <subfield code="a">Writings from the ancient world ;</subfield>
         <subfield code="v">v. 7.</subfield>
      </datafield>
      <datafield tag="856" ind1="4" ind2="1">
         <subfield code="3">ACLS Humanities E-Book</subfield>
         <subfield code="u">http://hdl.handle.net/2027/heb.07776</subfield>
      </datafield>
      <datafield tag="856" ind1="4" ind2="1">
         <subfield code="3">Table of contents</subfield>
         <subfield code="u">http://www.gbv.de/dms/bowker/toc/9780788501548.pdf</subfield>
      </datafield>
      <datafield tag="OWN" ind1=" " ind2=" ">
         <subfield code="a">GENERAL</subfield>
      </datafield>
      <datafield tag="AVA" ind1=" " ind2=" ">
         <subfield code="a">NYU50</subfield>
         <subfield code="b">BOBST</subfield>
         <subfield code="c">Main Collection</subfield>
         <subfield code="d">KL4712.A3 E5 1996</subfield>
         <subfield code="e">unavailable</subfield>
         <subfield code="t">Unavailable</subfield>
         <subfield code="f">1</subfield>
         <subfield code="g">1</subfield>
         <subfield code="h">N</subfield>
         <subfield code="i">4</subfield>
         <subfield code="j">MAIN</subfield>
         <subfield code="k">0</subfield>
      </datafield>
      <datafield tag="AVA" ind1=" " ind2=" ">
         <subfield code="a">NYU50</subfield>
         <subfield code="b">NISAW</subfield>
         <subfield code="c">Small Collection</subfield>
         <subfield code="d">KL4712.2 .A4 1996</subfield>
         <subfield code="e">available</subfield>
         <subfield code="t">Available</subfield>
         <subfield code="f">1</subfield>
         <subfield code="g">0</subfield>
         <subfield code="h">N</subfield>
         <subfield code="i">0</subfield>
         <subfield code="j">SMALL</subfield>
         <subfield code="k">0</subfield>
      </datafield>
      <marc:datafield tag="852" ind1=" " ind2=" ">
         <marc:subfield code="b">Institute for the Study of the Ancient World, </marc:subfield>
         <marc:subfield code="c">Small Collection</marc:subfield>
         <marc:subfield code="e">15 East 84th St., </marc:subfield>
         <marc:subfield code="e">New York, NY  10028</marc:subfield>
      </marc:datafield>
   </record>