
  
  
  
  
  
  
  
  
 
  
  <record xsi:schemaLocation="http://www.loc.gov/MARC21/slim http://www.loc.gov/standards/marcxml/schema/MARC21slim.xsd">
      <leader>00000cam a2200685Ia 4500</leader>
      <controlfield tag="FMT">BK</controlfield>
      <controlfield tag="LDR">00000cam a2200685Ia 4500</controlfield>
      <controlfield tag="001">000525046</controlfield>
      <controlfield tag="003">OCoLC</controlfield>
      <controlfield tag="005">20160630085017.0</controlfield>
      <controlfield tag="008">070427s2007    gw       b    000 0 ger d</controlfield>
      <datafield tag="015" ind1=" " ind2=" ">
         <subfield code="a">07,A28,0049</subfield>
         <subfield code="2">dnb</subfield>
      </datafield>
      <datafield tag="015" ind1=" " ind2=" ">
         <subfield code="a">07,N14,0681</subfield>
         <subfield code="2">dnb</subfield>
      </datafield>
      <datafield tag="016" ind1="7" ind2=" ">
         <subfield code="a">983447969</subfield>
         <subfield code="2">DE-101</subfield>
      </datafield>
      <datafield tag="020" ind1=" " ind2=" ">
         <subfield code="a">9783447055291</subfield>
         <subfield code="q">(pbk.)</subfield>
      </datafield>
      <datafield tag="020" ind1=" " ind2=" ">
         <subfield code="a">3447055294</subfield>
         <subfield code="q">(pbk.)</subfield>
      </datafield>
      <datafield tag="024" ind1="3" ind2=" ">
         <subfield code="a">9783447055291</subfield>
      </datafield>
      <datafield tag="035" ind1=" " ind2=" ">
         <subfield code="a">(OCoLC)123893536</subfield>
      </datafield>
      <datafield tag="040" ind1=" " ind2=" ">
         <subfield code="a">OHX</subfield>
         <subfield code="b">eng</subfield>
         <subfield code="c">OHX</subfield>
         <subfield code="d">CLU</subfield>
         <subfield code="d">PAU</subfield>
         <subfield code="d">HEBIS</subfield>
         <subfield code="d">DEBBG</subfield>
         <subfield code="d">OCL</subfield>
         <subfield code="d">DEBSZ</subfield>
         <subfield code="d">OCLCF</subfield>
         <subfield code="d">OCLCO</subfield>
         <subfield code="d">OCLCQ</subfield>
         <subfield code="d">YDXCP</subfield>
         <subfield code="d">NNU</subfield>
      </datafield>
      <datafield tag="041" ind1="0" ind2=" ">
         <subfield code="a">ger</subfield>
         <subfield code="h">hit</subfield>
      </datafield>
      <datafield tag="043" ind1=" " ind2=" ">
         <subfield code="a">a-tu---</subfield>
      </datafield>
      <datafield tag="050" ind1=" " ind2="4">
         <subfield code="a">P945</subfield>
         <subfield code="b">.F878 2007</subfield>
      </datafield>
      <datafield tag="072" ind1=" " ind2="7">
         <subfield code="a">P</subfield>
         <subfield code="2">lcco</subfield>
      </datafield>
      <datafield tag="082" ind1="0" ind2="4">
         <subfield code="a">016.491998</subfield>
         <subfield code="2">22</subfield>
      </datafield>
      <datafield tag="084" ind1=" " ind2=" ">
         <subfield code="a">EW 310</subfield>
         <subfield code="2">rvk</subfield>
      </datafield>
      <datafield tag="084" ind1=" " ind2=" ">
         <subfield code="a">010</subfield>
         <subfield code="2">sdnb</subfield>
      </datafield>
      <datafield tag="084" ind1=" " ind2=" ">
         <subfield code="a">490</subfield>
         <subfield code="2">sdnb</subfield>
      </datafield>
      <datafield tag="100" ind1="1" ind2=" ">
         <subfield code="a">Fuscagni, Francesco.</subfield>
      </datafield>
      <datafield tag="245" ind1="1" ind2="0">
         <subfield code="a">Hethitische unveröffentlichte Texte aus den Jahren 1906-1912 in der Sekundärliteratur /</subfield>
         <subfield code="c">Francesco Fuscagni.</subfield>
      </datafield>
      <datafield tag="260" ind1=" " ind2=" ">
         <subfield code="a">Wiesbaden :</subfield>
         <subfield code="b">Harrassowitz,</subfield>
         <subfield code="c">2007.</subfield>
      </datafield>
      <datafield tag="300" ind1=" " ind2=" ">
         <subfield code="a">ix, 202 pages ;</subfield>
         <subfield code="c">24 cm.</subfield>
      </datafield>
      <datafield tag="336" ind1=" " ind2=" ">
         <subfield code="a">text</subfield>
         <subfield code="b">txt</subfield>
         <subfield code="2">rdacontent</subfield>
      </datafield>
      <datafield tag="337" ind1=" " ind2=" ">
         <subfield code="a">unmediated</subfield>
         <subfield code="b">n</subfield>
         <subfield code="2">rdamedia</subfield>
      </datafield>
      <datafield tag="338" ind1=" " ind2=" ">
         <subfield code="a">volume</subfield>
         <subfield code="b">nc</subfield>
         <subfield code="2">rdacarrier</subfield>
      </datafield>
      <datafield tag="490" ind1="1" ind2=" ">
         <subfield code="a">Hethitologie Portal Mainz. Materialien,</subfield>
         <subfield code="x">1862-202X ;</subfield>
         <subfield code="v">Bd. 6</subfield>
      </datafield>
      <datafield tag="504" ind1=" " ind2=" ">
         <subfield code="a">Includes bibliographical references (page ix).</subfield>
      </datafield>
      <datafield tag="650" ind1=" " ind2="0">
         <subfield code="a">Hittite language</subfield>
         <subfield code="x">Texts.</subfield>
      </datafield>
      <datafield tag="650" ind1=" " ind2="0">
         <subfield code="a">Hittite language</subfield>
         <subfield code="v">Bibliography.</subfield>
      </datafield>
      <datafield tag="650" ind1=" " ind2="0">
         <subfield code="a">Cuneiform tablets</subfield>
         <subfield code="z">Turkey</subfield>
         <subfield code="z">Boğazköy.</subfield>
      </datafield>
      <datafield tag="650" ind1=" " ind2="7">
         <subfield code="a">Hittite language.</subfield>
         <subfield code="2">fast</subfield>
         <subfield code="0">(OCoLC)fst00958398</subfield>
      </datafield>
      <datafield tag="650" ind1="0" ind2="7">
         <subfield code="a">Unveröffentlichtes Werk.</subfield>
         <subfield code="2">swd</subfield>
      </datafield>
      <datafield tag="651" ind1=" " ind2="7">
         <subfield code="a">Hethitisch.</subfield>
         <subfield code="2">swd</subfield>
      </datafield>
      <datafield tag="650" ind1="0" ind2="7">
         <subfield code="a">Hethitisch.</subfield>
         <subfield code="0">(DE-588)4120195-4</subfield>
         <subfield code="2">gnd</subfield>
      </datafield>
      <datafield tag="650" ind1="0" ind2="7">
         <subfield code="a">Unveröffentlichtes Werk.</subfield>
         <subfield code="0">(DE-588)4525494-1</subfield>
         <subfield code="2">gnd</subfield>
      </datafield>
      <datafield tag="655" ind1=" " ind2="7">
         <subfield code="a">Texts.</subfield>
         <subfield code="2">fast</subfield>
         <subfield code="0">(OCoLC)fst01423705</subfield>
      </datafield>
      <datafield tag="655" ind1=" " ind2="7">
         <subfield code="a">Bibliographie.</subfield>
         <subfield code="2">swd</subfield>
      </datafield>
      <datafield tag="655" ind1=" " ind2="4">
         <subfield code="a">Bibliographie.</subfield>
      </datafield>
      <datafield tag="830" ind1=" " ind2="0">
         <subfield code="a">Hethitologie Portal Mainz.</subfield>
         <subfield code="p">Materialien ;</subfield>
         <subfield code="v">Bd. 6.</subfield>
         <subfield code="x">1862-202X</subfield>
      </datafield>
      <datafield tag="856" ind1="4" ind2="1">
         <subfield code="3">Table of contents</subfield>
         <subfield code="u">http://bvbr.bib-bvb.de:8991/F?func=service&amp;doc_library=BVB01&amp;doc_number=016358315&amp;line_number=0001&amp;func_code=DB_RECORDS&amp;service_type=MEDIA</subfield>
      </datafield>
      <datafield tag="856" ind1="4" ind2="1">
         <subfield code="3">Table of contents</subfield>
         <subfield code="u">http://digitool.hbz-nrw.de:1801/webclient/DeliveryManager?pid=2111416&amp;custom_att_2=simple_viewer</subfield>
      </datafield>
      <datafield tag="856" ind1="4" ind2=" ">
         <subfield code="u">http://digitool.hbz-nrw.de:1801/webclient/DeliveryManager?pid=2111416&amp;custom_att_2=simple_viewer</subfield>
         <subfield code="x">Inhaltsverzeichnis</subfield>
      </datafield>
      <datafield tag="856" ind1=" " ind2=" ">
         <subfield code="u">http://bvbr.bib-bvb.de:8991/F?func=service&amp;doc_library=BVB01&amp;local_base=BVB01&amp;doc_number=016358315&amp;line_number=0001&amp;func_code=DB_RECORDS&amp;service_type=MEDIA</subfield>
         <subfield code="z">Inhaltsverzeichnis</subfield>
      </datafield>
      <datafield tag="OWN" ind1=" " ind2=" ">
         <subfield code="a">GENERAL</subfield>
      </datafield>
      <datafield tag="AVA" ind1=" " ind2=" ">
         <subfield code="a">NYU50</subfield>
         <subfield code="b">NISAW</subfield>
         <subfield code="c">Small Collection</subfield>
         <subfield code="d">P945 .F878 2007</subfield>
         <subfield code="e">available</subfield>
         <subfield code="t">Available</subfield>
         <subfield code="f">1</subfield>
         <subfield code="g">0</subfield>
         <subfield code="h">N</subfield>
         <subfield code="i">0</subfield>
         <subfield code="j">SMALL</subfield>
         <subfield code="k">0</subfield>
      </datafield>
      <marc:datafield tag="852" ind1=" " ind2=" ">
         <marc:subfield code="b">Institute for the Study of the Ancient World, </marc:subfield>
         <marc:subfield code="c">Small Collection</marc:subfield>
         <marc:subfield code="e">15 East 84th St., </marc:subfield>
         <marc:subfield code="e">New York, NY  10028</marc:subfield>
      </marc:datafield>
   </record>