
  
  
  
  
  
  
  
  
 
  
  <record xsi:schemaLocation="http://www.loc.gov/MARC21/slim http://www.loc.gov/standards/marcxml/schema/MARC21slim.xsd">
      <leader>00000cam a2200313 a 4500</leader>
      <controlfield tag="FMT">BK</controlfield>
      <controlfield tag="LDR">00000cam a2200313 a 4500</controlfield>
      <controlfield tag="001">001915948</controlfield>
      <controlfield tag="003">NNU</controlfield>
      <controlfield tag="005">20160630083821.0</controlfield>
      <controlfield tag="008">910314r19681917nyu      b    000 0 ger d</controlfield>
      <datafield tag="035" ind1="9" ind2=" ">
         <subfield code="a">NYUb10859089</subfield>
      </datafield>
      <datafield tag="035" ind1=" " ind2=" ">
         <subfield code="a">(CStRLIN)NYUG91-B10237</subfield>
      </datafield>
      <datafield tag="035" ind1=" " ind2=" ">
         <subfield code="a">GLIS008590898</subfield>
      </datafield>
      <datafield tag="040" ind1=" " ind2=" ">
         <subfield code="a">CtY</subfield>
         <subfield code="c">CtY</subfield>
         <subfield code="d">NNU</subfield>
      </datafield>
      <datafield tag="041" ind1="0" ind2=" ">
         <subfield code="a">ger</subfield>
         <subfield code="a">hit</subfield>
      </datafield>
      <datafield tag="043" ind1=" " ind2=" ">
         <subfield code="a">a-tu---</subfield>
      </datafield>
      <datafield tag="090" ind1=" " ind2=" ">
         <subfield code="a">P945</subfield>
         <subfield code="b">.W38 1968</subfield>
         <subfield code="i">06/10/91 T</subfield>
         <subfield code="h">04/10/91 T</subfield>
         <subfield code="h">03/14/91 T</subfield>
      </datafield>
      <datafield tag="100" ind1="1" ind2=" ">
         <subfield code="a">Weidner, Ernst F.</subfield>
      </datafield>
      <datafield tag="245" ind1="1" ind2="0">
         <subfield code="a">Studien zur hethitischen Sprachwissenschaft /</subfield>
         <subfield code="c">von Ernst F. Weidner.</subfield>
      </datafield>
      <datafield tag="260" ind1=" " ind2=" ">
         <subfield code="a">New York :</subfield>
         <subfield code="b">Johnson Reprint,</subfield>
         <subfield code="c">1968.</subfield>
      </datafield>
      <datafield tag="300" ind1=" " ind2=" ">
         <subfield code="a">2 v.</subfield>
         <subfield code="c">22 cm.</subfield>
      </datafield>
      <datafield tag="336" ind1=" " ind2=" ">
         <subfield code="a">text</subfield>
         <subfield code="b">txt</subfield>
         <subfield code="2">rdacontent</subfield>
      </datafield>
      <datafield tag="337" ind1=" " ind2=" ">
         <subfield code="a">unmediated</subfield>
         <subfield code="b">n</subfield>
         <subfield code="2">rdamedia</subfield>
      </datafield>
      <datafield tag="338" ind1=" " ind2=" ">
         <subfield code="a">volume</subfield>
         <subfield code="b">nc</subfield>
         <subfield code="2">rdacarrier</subfield>
      </datafield>
      <datafield tag="490" ind1="1" ind2=" ">
         <subfield code="a">Leipziger semitistische Studien ;</subfield>
         <subfield code="v">Bd. 7, Heft 1-2</subfield>
      </datafield>
      <datafield tag="500" ind1=" " ind2=" ">
         <subfield code="a">"Gedruckt mit Unterstützung der Ernst Klauberstiftung."</subfield>
      </datafield>
      <datafield tag="504" ind1=" " ind2=" ">
         <subfield code="a">"Literaturverzeichnis:"v. 1, p. [144]-148.</subfield>
      </datafield>
      <datafield tag="505" ind1="1" ind2=" ">
         <subfield code="a">1. T. I. Grundzüge der hethitischen Lautlehre -- II. Zu den Vokabularne von Boghazköi -- III. Hethitisches Glossar -- IV. Verzeichnis der in den Vokabularen vorkommenden akkadischen Wörter.</subfield>
      </datafield>
      <datafield tag="534" ind1=" " ind2=" ">
         <subfield code="p">Reprint. Originally published</subfield>
         <subfield code="c">Leipzig : Hinrichs'sche Buchhandlung, 1917.</subfield>
      </datafield>
      <datafield tag="650" ind1=" " ind2="0">
         <subfield code="a">Hittite language.</subfield>
      </datafield>
      <datafield tag="650" ind1=" " ind2="0">
         <subfield code="a">Cuneiform tablets</subfield>
         <subfield code="z">Turkey</subfield>
         <subfield code="z">Boğazköy.</subfield>
      </datafield>
      <datafield tag="710" ind1="2" ind2=" ">
         <subfield code="a">Ernst Klauberstiftung.</subfield>
      </datafield>
      <datafield tag="830" ind1=" " ind2="0">
         <subfield code="a">Leipziger semitistische Studien ;</subfield>
         <subfield code="v">Bd. 7, Heft 1-2.</subfield>
      </datafield>
      <datafield tag="OWN" ind1=" " ind2=" ">
         <subfield code="a">GENERAL</subfield>
      </datafield>
      <datafield tag="903" ind1=" " ind2=" ">
         <subfield code="a">OLD</subfield>
      </datafield>
      <datafield tag="950" ind1=" " ind2=" ">
         <subfield code="l">BMAIN</subfield>
         <subfield code="a">PJ3002</subfield>
         <subfield code="b">.L4 1968 Bd.7 Heft 1-2</subfield>
         <subfield code="f">MANUAL</subfield>
         <subfield code="h">03/14/91 N</subfield>
      </datafield>
      <datafield tag="955" ind1=" " ind2=" ">
         <subfield code="l">BMAIN</subfield>
         <subfield code="c">1</subfield>
         <subfield code="h">03/14/91 C</subfield>
      </datafield>
      <datafield tag="998" ind1=" " ind2=" ">
         <subfield code="a">06/10/91</subfield>
         <subfield code="t">c</subfield>
         <subfield code="s">9114</subfield>
         <subfield code="n">NNU</subfield>
         <subfield code="w">CTYG82B13048</subfield>
         <subfield code="d">03/14/91</subfield>
         <subfield code="b">AH</subfield>
         <subfield code="i">910610</subfield>
         <subfield code="h">910410</subfield>
         <subfield code="h">910314</subfield>
         <subfield code="l">NYUG</subfield>
      </datafield>
      <datafield tag="AVA" ind1=" " ind2=" ">
         <subfield code="a">NYU50</subfield>
         <subfield code="b">NISAW</subfield>
         <subfield code="c">Small Collection</subfield>
         <subfield code="d">P945 .W38 1968</subfield>
         <subfield code="e">available</subfield>
         <subfield code="t">Available</subfield>
         <subfield code="f">1</subfield>
         <subfield code="g">0</subfield>
         <subfield code="h">N</subfield>
         <subfield code="i">0</subfield>
         <subfield code="j">SMALL</subfield>
         <subfield code="k">0</subfield>
      </datafield>
      <marc:datafield tag="852" ind1=" " ind2=" ">
         <marc:subfield code="b">Institute for the Study of the Ancient World, </marc:subfield>
         <marc:subfield code="c">Small Collection</marc:subfield>
         <marc:subfield code="e">15 East 84th St., </marc:subfield>
         <marc:subfield code="e">New York, NY  10028</marc:subfield>
      </marc:datafield>
   </record>